participant.id_in_session,participant.code,participant.label,participant._is_bot,participant._index_in_pages,participant._max_page_index,participant._current_app_name,participant._current_page_name,participant.time_started_utc,participant.visited,participant.mturk_worker_id,participant.mturk_assignment_id,participant.payoff,player.id_in_group,player.role,player.payoff,player.player_role,player.player_id_in_role,player.matching_group_id,player.condition_price,player.price1_offer,player.price2_offer,player.price_paid,player.action_chosen,player.interaction,player.cq_q1,player.cq_q2,player.cq_q3,player.cq_q4,player.player_b_type,player.revenue,player.round_payoff,player.total_payoff_points,player.total_payoff_euros,player.participation_fee,player.total_payment,group.id_in_subsession,subsession.round_number,session.code,session.label,session.mturk_HITId,session.mturk_HITGroupId,session.comment,session.is_demo
1,kkoxza3q,,0,56,56,payment_uar,RedirectUAR,2025-11-17 09:44:34.864594,1,,,24.0,1,,7.0,A,A1,1,écart faible,2,3,2,1,,,,,,1,10,7.0,0.0,0.0,0.0,0.0,3,1,9tlf8m9k,,,,,1
2,f5qsa2it,,0,56,56,payment_uar,RedirectUAR,2025-11-17 09:44:35.264578,1,,,11.0,1,,1.0,A,A2,1,écart moyen,2,7,,,,,,,,0,0,1.0,0.0,0.0,0.0,0.0,2,1,9tlf8m9k,,,,,1
3,pmua02l6,,0,56,56,payment_uar,RedirectUAR,2025-11-17 09:44:35.735373,1,,,15.0,1,,1.0,A,A3,1,écart élevé,4,7,,,,,,,,0,0,1.0,0.0,0.0,0.0,0.0,1,1,9tlf8m9k,,,,,1
4,gifglz6q,,0,56,56,payment_uar,RedirectUAR,2025-11-17 09:44:36.174783,1,,,22.0,1,,8.0,A,A4,1,écart faible,2,3,2,2,,,,,,1,16,8.0,0.0,0.0,0.0,0.0,4,1,9tlf8m9k,,,,,1
5,2tejlr66,,0,56,56,payment_uar,RedirectUAR,2025-11-17 09:44:36.975738,1,,,6.0,2,,2.0,B,B1,1,écart faible,2,3,,,1,,,,,1,,2.0,0.0,0.0,0.0,0.0,3,1,9tlf8m9k,,,,,1
6,kh30zw38,,0,56,56,payment_uar,RedirectUAR,2025-11-17 09:44:37.631528,1,,,6.0,2,,2.0,B,B2,1,écart faible,2,3,,,1,,,,,1,,2.0,0.0,0.0,0.0,0.0,4,1,9tlf8m9k,,,,,1
7,euf5grnz,,0,56,56,payment_uar,RedirectUAR,2025-11-17 09:44:39.183653,1,,,12.0,2,,1.0,B,B3,1,écart moyen,2,7,,,0,,,,,0,,1.0,0.0,0.0,0.0,0.0,2,1,9tlf8m9k,,,,,1
8,4b7jpfw2,,0,56,56,payment_uar,RedirectUAR,2025-11-17 09:44:40.136814,1,,,13.0,2,,1.0,B,B4,1,écart élevé,4,7,,,0,,,,,0,,1.0,0.0,0.0,0.0,0.0,1,1,9tlf8m9k,,,,,1
1,kkoxza3q,,0,56,56,payment_uar,RedirectUAR,2025-11-17 09:44:34.864594,1,,,24.0,1,,1.0,A,A1,1,écart moyen,2,7,,,,,,,,0,0,1.0,0.0,0.0,0.0,0.0,4,2,9tlf8m9k,,,,,1
2,f5qsa2it,,0,56,56,payment_uar,RedirectUAR,2025-11-17 09:44:35.264578,1,,,11.0,1,,1.0,A,A2,1,écart faible,2,3,,,,,,,,0,0,1.0,0.0,0.0,0.0,0.0,1,2,9tlf8m9k,,,,,1
3,pmua02l6,,0,56,56,payment_uar,RedirectUAR,2025-11-17 09:44:35.735373,1,,,15.0,1,,12.0,A,A3,1,écart faible,2,3,3,1,,,,,,2,16,12.0,0.0,0.0,0.0,0.0,2,2,9tlf8m9k,,,,,1
4,gifglz6q,,0,56,56,payment_uar,RedirectUAR,2025-11-17 09:44:36.174783,1,,,22.0,1,,6.0,A,A4,1,écart élevé,4,7,4,2,,,,,,1,16,6.0,0.0,0.0,0.0,0.0,3,2,9tlf8m9k,,,,,1
5,2tejlr66,,0,56,56,payment_uar,RedirectUAR,2025-11-17 09:44:36.975738,1,,,6.0,2,,1.0,B,B1,1,écart faible,2,3,,,0,,,,,0,,1.0,0.0,0.0,0.0,0.0,1,2,9tlf8m9k,,,,,1
6,kh30zw38,,0,56,56,payment_uar,RedirectUAR,2025-11-17 09:44:37.631528,1,,,6.0,2,,1.0,B,B2,1,écart moyen,2,7,,,0,,,,,0,,1.0,0.0,0.0,0.0,0.0,4,2,9tlf8m9k,,,,,1
7,euf5grnz,,0,56,56,payment_uar,RedirectUAR,2025-11-17 09:44:39.183653,1,,,12.0,2,,3.0,B,B3,1,écart faible,2,3,,,1,,,,,2,,3.0,0.0,0.0,0.0,0.0,2,2,9tlf8m9k,,,,,1
8,4b7jpfw2,,0,56,56,payment_uar,RedirectUAR,2025-11-17 09:44:40.136814,1,,,13.0,2,,4.0,B,B4,1,écart élevé,4,7,,,1,,,,,1,,4.0,0.0,0.0,0.0,0.0,3,2,9tlf8m9k,,,,,1
1,kkoxza3q,,0,56,56,payment_uar,RedirectUAR,2025-11-17 09:44:34.864594,1,,,24.0,1,,8.0,A,A1,1,écart moyen,2,7,7,1,,,,,,2,16,8.0,0.0,0.0,0.0,0.0,4,3,9tlf8m9k,,,,,1
2,f5qsa2it,,0,56,56,payment_uar,RedirectUAR,2025-11-17 09:44:35.264578,1,,,11.0,1,,1.0,A,A2,1,écart élevé,4,7,,,,,,,,0,0,1.0,0.0,0.0,0.0,0.0,1,3,9tlf8m9k,,,,,1
3,pmua02l6,,0,56,56,payment_uar,RedirectUAR,2025-11-17 09:44:35.735373,1,,,15.0,1,,1.0,A,A3,1,écart élevé,4,7,,,,,,,,0,0,1.0,0.0,0.0,0.0,0.0,3,3,9tlf8m9k,,,,,1
4,gifglz6q,,0,56,56,payment_uar,RedirectUAR,2025-11-17 09:44:36.174783,1,,,22.0,1,,7.0,A,A4,1,écart faible,2,3,2,1,,,,,,1,10,7.0,0.0,0.0,0.0,0.0,2,3,9tlf8m9k,,,,,1
5,2tejlr66,,0,56,56,payment_uar,RedirectUAR,2025-11-17 09:44:36.975738,1,,,6.0,2,,1.0,B,B1,1,écart élevé,4,7,,,0,,,,,0,,1.0,0.0,0.0,0.0,0.0,3,3,9tlf8m9k,,,,,1
6,kh30zw38,,0,56,56,payment_uar,RedirectUAR,2025-11-17 09:44:37.631528,1,,,6.0,2,,2.0,B,B2,1,écart faible,2,3,,,1,,,,,1,,2.0,0.0,0.0,0.0,0.0,2,3,9tlf8m9k,,,,,1
7,euf5grnz,,0,56,56,payment_uar,RedirectUAR,2025-11-17 09:44:39.183653,1,,,12.0,2,,1.0,B,B3,1,écart élevé,4,7,,,0,,,,,0,,1.0,0.0,0.0,0.0,0.0,1,3,9tlf8m9k,,,,,1
8,4b7jpfw2,,0,56,56,payment_uar,RedirectUAR,2025-11-17 09:44:40.136814,1,,,13.0,2,,7.0,B,B4,1,écart moyen,2,7,,,1,,,,,2,,7.0,0.0,0.0,0.0,0.0,4,3,9tlf8m9k,,,,,1
1,kkoxza3q,,0,56,56,payment_uar,RedirectUAR,2025-11-17 09:44:34.864594,1,,,24.0,1,,8.0,A,A1,1,écart élevé,4,7,7,1,,,,,,2,16,8.0,24.0,3.43,5.0,8.43,3,4,9tlf8m9k,,,,,1
2,f5qsa2it,,0,56,56,payment_uar,RedirectUAR,2025-11-17 09:44:35.264578,1,,,11.0,1,,8.0,A,A2,1,écart moyen,2,7,2,2,,,,,,1,16,8.0,11.0,1.57,5.0,6.57,1,4,9tlf8m9k,,,,,1
3,pmua02l6,,0,56,56,payment_uar,RedirectUAR,2025-11-17 09:44:35.735373,1,,,15.0,1,,1.0,A,A3,1,écart faible,2,3,,,,,,,,0,0,1.0,15.0,2.14,5.0,7.14,2,4,9tlf8m9k,,,,,1
4,gifglz6q,,0,56,56,payment_uar,RedirectUAR,2025-11-17 09:44:36.174783,1,,,22.0,1,,1.0,A,A4,1,écart élevé,4,7,,,,,,,,0,0,1.0,22.0,3.14,5.0,8.14,4,4,9tlf8m9k,,,,,1
5,2tejlr66,,0,56,56,payment_uar,RedirectUAR,2025-11-17 09:44:36.975738,1,,,6.0,2,,2.0,B,B1,1,écart moyen,2,7,,,1,,,,,1,,2.0,6.0,0.86,5.0,5.86,1,4,9tlf8m9k,,,,,1
6,kh30zw38,,0,56,56,payment_uar,RedirectUAR,2025-11-17 09:44:37.631528,1,,,6.0,2,,1.0,B,B2,1,écart élevé,4,7,,,0,,,,,0,,1.0,6.0,0.86,5.0,5.86,4,4,9tlf8m9k,,,,,1
7,euf5grnz,,0,56,56,payment_uar,RedirectUAR,2025-11-17 09:44:39.183653,1,,,12.0,2,,7.0,B,B3,1,écart élevé,4,7,,,1,,,,,2,,7.0,12.0,1.71,5.0,6.71,3,4,9tlf8m9k,,,,,1
8,4b7jpfw2,,0,56,56,payment_uar,RedirectUAR,2025-11-17 09:44:40.136814,1,,,13.0,2,,1.0,B,B4,1,écart faible,2,3,,,0,,,,,0,,1.0,13.0,1.86,5.0,6.86,2,4,9tlf8m9k,,,,,1
1,bp15fbl7,,0,10,56,credencegoodsBJS_Exo,RoundResults,2025-11-17 09:52:55.269603,1,,,1.0,1,,1.0,A,A1,1,écart faible,2,3,,,,,,,,0,0,1.0,0.0,0.0,0.0,0.0,2,1,tczrizqa,,,,,1
2,bqfi6axr,,0,10,56,credencegoodsBJS_Exo,RoundResults,2025-11-17 09:52:55.823018,1,,,1.0,1,,1.0,A,A2,1,écart moyen,2,7,,,,,,,,0,0,1.0,0.0,0.0,0.0,0.0,4,1,tczrizqa,,,,,1
3,qrylk0yx,,0,10,56,credencegoodsBJS_Exo,RoundResults,2025-11-17 09:52:56.268155,1,,,5.0,1,,5.0,A,A3,1,écart élevé,4,7,4,1,,,,,,1,10,5.0,0.0,0.0,0.0,0.0,1,1,tczrizqa,,,,,1
4,d2ku59jz,,0,10,56,credencegoodsBJS_Exo,RoundResults,2025-11-17 09:52:57.179629,1,,,3.0,1,,3.0,A,A4,1,écart élevé,4,7,7,2,,,,,,2,16,3.0,0.0,0.0,0.0,0.0,3,1,tczrizqa,,,,,1
5,iba9qi17,,0,10,56,credencegoodsBJS_Exo,RoundResults,2025-11-17 09:52:57.779762,1,,,4.0,2,,4.0,B,B1,1,écart élevé,4,7,,,1,,,,,1,,4.0,0.0,0.0,0.0,0.0,1,1,tczrizqa,,,,,1
6,tbeu4f5h,,0,10,56,credencegoodsBJS_Exo,RoundResults,2025-11-17 09:53:02.246619,1,,,7.0,2,,7.0,B,B2,1,écart élevé,4,7,,,1,,,,,2,,7.0,0.0,0.0,0.0,0.0,3,1,tczrizqa,,,,,1
7,cxb1l4ii,,0,10,56,credencegoodsBJS_Exo,RoundResults,2025-11-17 09:53:02.787164,1,,,1.0,2,,1.0,B,B3,1,écart faible,2,3,,,0,,,,,0,,1.0,0.0,0.0,0.0,0.0,2,1,tczrizqa,,,,,1
8,jwtqrtbw,,0,10,56,credencegoodsBJS_Exo,RoundResults,2025-11-17 09:53:03.278316,1,,,1.0,2,,1.0,B,B4,1,écart moyen,2,7,,,0,,,,,0,,1.0,0.0,0.0,0.0,0.0,4,1,tczrizqa,,,,,1
1,bp15fbl7,,0,10,56,credencegoodsBJS_Exo,RoundResults,2025-11-17 09:52:55.269603,1,,,1.0,1,,0.0,A,A1,1,écart moyen,2,7,,,,,,,,,,,0.0,0.0,0.0,0.0,3,2,tczrizqa,,,,,1
2,bqfi6axr,,0,10,56,credencegoodsBJS_Exo,RoundResults,2025-11-17 09:52:55.823018,1,,,1.0,1,,0.0,A,A2,1,écart élevé,4,7,,,,,,,,,,,0.0,0.0,0.0,0.0,1,2,tczrizqa,,,,,1
3,qrylk0yx,,0,10,56,credencegoodsBJS_Exo,RoundResults,2025-11-17 09:52:56.268155,1,,,5.0,1,,0.0,A,A3,1,écart élevé,4,7,,,,,,,,,,,0.0,0.0,0.0,0.0,2,2,tczrizqa,,,,,1
4,d2ku59jz,,0,10,56,credencegoodsBJS_Exo,RoundResults,2025-11-17 09:52:57.179629,1,,,3.0,1,,0.0,A,A4,1,écart faible,2,3,,,,,,,,,,,0.0,0.0,0.0,0.0,4,2,tczrizqa,,,,,1
5,iba9qi17,,0,10,56,credencegoodsBJS_Exo,RoundResults,2025-11-17 09:52:57.779762,1,,,4.0,2,,0.0,B,B1,1,écart moyen,2,7,,,,,,,,,,,0.0,0.0,0.0,0.0,3,2,tczrizqa,,,,,1
6,tbeu4f5h,,0,10,56,credencegoodsBJS_Exo,RoundResults,2025-11-17 09:53:02.246619,1,,,7.0,2,,0.0,B,B2,1,écart faible,2,3,,,,,,,,,,,0.0,0.0,0.0,0.0,4,2,tczrizqa,,,,,1
7,cxb1l4ii,,0,10,56,credencegoodsBJS_Exo,RoundResults,2025-11-17 09:53:02.787164,1,,,1.0,2,,0.0,B,B3,1,écart élevé,4,7,,,,,,,,,,,0.0,0.0,0.0,0.0,2,2,tczrizqa,,,,,1
8,jwtqrtbw,,0,10,56,credencegoodsBJS_Exo,RoundResults,2025-11-17 09:53:03.278316,1,,,1.0,2,,0.0,B,B4,1,écart élevé,4,7,,,,,,,,,,,0.0,0.0,0.0,0.0,1,2,tczrizqa,,,,,1
1,bp15fbl7,,0,10,56,credencegoodsBJS_Exo,RoundResults,2025-11-17 09:52:55.269603,1,,,1.0,1,,0.0,A,A1,1,écart faible,2,3,,,,,,,,,,,0.0,0.0,0.0,0.0,4,3,tczrizqa,,,,,1
2,bqfi6axr,,0,10,56,credencegoodsBJS_Exo,RoundResults,2025-11-17 09:52:55.823018,1,,,1.0,1,,0.0,A,A2,1,écart faible,2,3,,,,,,,,,,,0.0,0.0,0.0,0.0,2,3,tczrizqa,,,,,1
3,qrylk0yx,,0,10,56,credencegoodsBJS_Exo,RoundResults,2025-11-17 09:52:56.268155,1,,,5.0,1,,0.0,A,A3,1,écart moyen,2,7,,,,,,,,,,,0.0,0.0,0.0,0.0,3,3,tczrizqa,,,,,1
4,d2ku59jz,,0,10,56,credencegoodsBJS_Exo,RoundResults,2025-11-17 09:52:57.179629,1,,,3.0,1,,0.0,A,A4,1,écart élevé,4,7,,,,,,,,,,,0.0,0.0,0.0,0.0,1,3,tczrizqa,,,,,1
5,iba9qi17,,0,10,56,credencegoodsBJS_Exo,RoundResults,2025-11-17 09:52:57.779762,1,,,4.0,2,,0.0,B,B1,1,écart élevé,4,7,,,,,,,,,,,0.0,0.0,0.0,0.0,1,3,tczrizqa,,,,,1
6,tbeu4f5h,,0,10,56,credencegoodsBJS_Exo,RoundResults,2025-11-17 09:53:02.246619,1,,,7.0,2,,0.0,B,B2,1,écart faible,2,3,,,,,,,,,,,0.0,0.0,0.0,0.0,2,3,tczrizqa,,,,,1
7,cxb1l4ii,,0,10,56,credencegoodsBJS_Exo,RoundResults,2025-11-17 09:53:02.787164,1,,,1.0,2,,0.0,B,B3,1,écart moyen,2,7,,,,,,,,,,,0.0,0.0,0.0,0.0,3,3,tczrizqa,,,,,1
8,jwtqrtbw,,0,10,56,credencegoodsBJS_Exo,RoundResults,2025-11-17 09:53:03.278316,1,,,1.0,2,,0.0,B,B4,1,écart faible,2,3,,,,,,,,,,,0.0,0.0,0.0,0.0,4,3,tczrizqa,,,,,1
1,bp15fbl7,,0,10,56,credencegoodsBJS_Exo,RoundResults,2025-11-17 09:52:55.269603,1,,,1.0,1,,0.0,A,A1,1,écart moyen,2,7,,,,,,,,,,,0.0,0.0,0.0,0.0,2,4,tczrizqa,,,,,1
2,bqfi6axr,,0,10,56,credencegoodsBJS_Exo,RoundResults,2025-11-17 09:52:55.823018,1,,,1.0,1,,0.0,A,A2,1,écart élevé,4,7,,,,,,,,,,,0.0,0.0,0.0,0.0,4,4,tczrizqa,,,,,1
3,qrylk0yx,,0,10,56,credencegoodsBJS_Exo,RoundResults,2025-11-17 09:52:56.268155,1,,,5.0,1,,0.0,A,A3,1,écart faible,2,3,,,,,,,,,,,0.0,0.0,0.0,0.0,3,4,tczrizqa,,,,,1
4,d2ku59jz,,0,10,56,credencegoodsBJS_Exo,RoundResults,2025-11-17 09:52:57.179629,1,,,3.0,1,,0.0,A,A4,1,écart élevé,4,7,,,,,,,,,,,0.0,0.0,0.0,0.0,1,4,tczrizqa,,,,,1
5,iba9qi17,,0,10,56,credencegoodsBJS_Exo,RoundResults,2025-11-17 09:52:57.779762,1,,,4.0,2,,0.0,B,B1,1,écart élevé,4,7,,,,,,,,,,,0.0,0.0,0.0,0.0,4,4,tczrizqa,,,,,1
6,tbeu4f5h,,0,10,56,credencegoodsBJS_Exo,RoundResults,2025-11-17 09:53:02.246619,1,,,7.0,2,,0.0,B,B2,1,écart moyen,2,7,,,,,,,,,,,0.0,0.0,0.0,0.0,2,4,tczrizqa,,,,,1
7,cxb1l4ii,,0,10,56,credencegoodsBJS_Exo,RoundResults,2025-11-17 09:53:02.787164,1,,,1.0,2,,0.0,B,B3,1,écart élevé,4,7,,,,,,,,,,,0.0,0.0,0.0,0.0,1,4,tczrizqa,,,,,1
8,jwtqrtbw,,0,10,56,credencegoodsBJS_Exo,RoundResults,2025-11-17 09:53:03.278316,1,,,1.0,2,,0.0,B,B4,1,écart faible,2,3,,,,,,,,,,,0.0,0.0,0.0,0.0,3,4,tczrizqa,,,,,1
1,7gwc5miu,752,0,212,212,payment_uar,RedirectUAR,2025-11-17 11:17:41.280761,1,,,124.0,1,,6.0,A,A1,1,écart élevé,4,7,4,2,,B,A,C,A,1,16,6.0,0.0,0.0,0.0,0.0,4,1,yera7rrx,session 2 : exogene,,,"Session 2 17.11 12h Traitement exogene  816, 341, 103 lent   451 très très lente   Question récurrente : comment le Joueur A sait combien il paie au Joueur B",0
2,utgepvr5,672,0,212,212,payment_uar,RedirectUAR,2025-11-17 11:17:41.289526,1,,,117.0,1,,5.0,A,A2,1,écart élevé,4,7,4,1,,B,A,C,A,1,10,5.0,0.0,0.0,0.0,0.0,2,1,yera7rrx,session 2 : exogene,,,"Session 2 17.11 12h Traitement exogene  816, 341, 103 lent   451 très très lente   Question récurrente : comment le Joueur A sait combien il paie au Joueur B",0
3,x4h8w8ov,748,0,212,212,payment_uar,RedirectUAR,2025-11-17 11:17:41.294488,1,,,132.0,1,,12.0,A,A3,1,écart faible,2,3,3,1,,B,A,C,A,2,16,12.0,0.0,0.0,0.0,0.0,1,1,yera7rrx,session 2 : exogene,,,"Session 2 17.11 12h Traitement exogene  816, 341, 103 lent   451 très très lente   Question récurrente : comment le Joueur A sait combien il paie au Joueur B",0
4,kzs09zp2,341,0,212,212,payment_uar,RedirectUAR,2025-11-17 11:17:41.298492,1,,,120.0,1,,8.0,A,A4,1,écart moyen,2,7,7,1,,B,A,C,A,2,16,8.0,0.0,0.0,0.0,0.0,3,1,yera7rrx,session 2 : exogene,,,"Session 2 17.11 12h Traitement exogene  816, 341, 103 lent   451 très très lente   Question récurrente : comment le Joueur A sait combien il paie au Joueur B",0
5,9xjldfu7,281,0,212,212,payment_uar,RedirectUAR,2025-11-17 11:17:41.302375,1,,,65.0,2,,3.0,B,B1,1,écart faible,2,3,,,1,B,A,C,A,2,,3.0,0.0,0.0,0.0,0.0,1,1,yera7rrx,session 2 : exogene,,,"Session 2 17.11 12h Traitement exogene  816, 341, 103 lent   451 très très lente   Question récurrente : comment le Joueur A sait combien il paie au Joueur B",0
6,7bcqj2vi,609,0,212,212,payment_uar,RedirectUAR,2025-11-17 11:17:41.306678,1,,,66.0,2,,4.0,B,B2,1,écart élevé,4,7,,,1,B,A,C,A,1,,4.0,0.0,0.0,0.0,0.0,2,1,yera7rrx,session 2 : exogene,,,"Session 2 17.11 12h Traitement exogene  816, 341, 103 lent   451 très très lente   Question récurrente : comment le Joueur A sait combien il paie au Joueur B",0
7,4iflg2j6,402,0,212,212,payment_uar,RedirectUAR,2025-11-17 11:17:41.320089,1,,,63.0,2,,4.0,B,B3,1,écart élevé,4,7,,,1,B,A,C,A,1,,4.0,0.0,0.0,0.0,0.0,4,1,yera7rrx,session 2 : exogene,,,"Session 2 17.11 12h Traitement exogene  816, 341, 103 lent   451 très très lente   Question récurrente : comment le Joueur A sait combien il paie au Joueur B",0
8,v410p70w,904,0,212,212,payment_uar,RedirectUAR,2025-11-17 11:17:41.334746,1,,,67.0,2,,7.0,B,B4,1,écart moyen,2,7,,,1,B,A,C,A,2,,7.0,0.0,0.0,0.0,0.0,3,1,yera7rrx,session 2 : exogene,,,"Session 2 17.11 12h Traitement exogene  816, 341, 103 lent   451 très très lente   Question récurrente : comment le Joueur A sait combien il paie au Joueur B",0
9,9pmzhqkc,103,0,212,212,payment_uar,RedirectUAR,2025-11-17 11:17:41.508125,1,,,133.0,1,,6.0,A,A1,2,écart élevé,4,7,4,2,,B,A,C,A,1,16,6.0,0.0,0.0,0.0,0.0,5,1,yera7rrx,session 2 : exogene,,,"Session 2 17.11 12h Traitement exogene  816, 341, 103 lent   451 très très lente   Question récurrente : comment le Joueur A sait combien il paie au Joueur B",0
10,ec23mjdt,382,0,212,212,payment_uar,RedirectUAR,2025-11-17 11:17:41.479254,1,,,127.0,1,,12.0,A,A2,2,écart faible,2,3,3,1,,B,A,C,A,2,16,12.0,0.0,0.0,0.0,0.0,8,1,yera7rrx,session 2 : exogene,,,"Session 2 17.11 12h Traitement exogene  816, 341, 103 lent   451 très très lente   Question récurrente : comment le Joueur A sait combien il paie au Joueur B",0
11,5f9zi98m,680,0,212,212,payment_uar,RedirectUAR,2025-11-17 11:17:41.513716,1,,,125.0,1,,7.0,A,A3,2,écart faible,2,3,2,1,,B,A,C,A,1,10,7.0,0.0,0.0,0.0,0.0,7,1,yera7rrx,session 2 : exogene,,,"Session 2 17.11 12h Traitement exogene  816, 341, 103 lent   451 très très lente   Question récurrente : comment le Joueur A sait combien il paie au Joueur B",0
12,9oe86h6k,634,0,212,212,payment_uar,RedirectUAR,2025-11-17 11:17:41.503446,1,,,113.0,1,,8.0,A,A4,2,écart faible,2,3,2,2,,B,A,C,A,1,16,8.0,0.0,0.0,0.0,0.0,6,1,yera7rrx,session 2 : exogene,,,"Session 2 17.11 12h Traitement exogene  816, 341, 103 lent   451 très très lente   Question récurrente : comment le Joueur A sait combien il paie au Joueur B",0
13,yrkawe32,238,0,212,212,payment_uar,RedirectUAR,2025-11-17 11:17:41.553093,1,,,70.0,2,,4.0,B,B1,2,écart élevé,4,7,,,1,B,A,C,A,1,,4.0,0.0,0.0,0.0,0.0,5,1,yera7rrx,session 2 : exogene,,,"Session 2 17.11 12h Traitement exogene  816, 341, 103 lent   451 très très lente   Question récurrente : comment le Joueur A sait combien il paie au Joueur B",0
14,jsvse3wp,579,0,212,212,payment_uar,RedirectUAR,2025-11-17 11:17:41.536238,1,,,42.0,2,,2.0,B,B2,2,écart faible,2,3,,,1,B,A,C,A,1,,2.0,0.0,0.0,0.0,0.0,6,1,yera7rrx,session 2 : exogene,,,"Session 2 17.11 12h Traitement exogene  816, 341, 103 lent   451 très très lente   Question récurrente : comment le Joueur A sait combien il paie au Joueur B",0
15,r1w53ksj,777,0,212,212,payment_uar,RedirectUAR,2025-11-17 11:17:41.598974,1,,,60.0,2,,2.0,B,B3,2,écart faible,2,3,,,1,B,A,C,A,1,,2.0,0.0,0.0,0.0,0.0,7,1,yera7rrx,session 2 : exogene,,,"Session 2 17.11 12h Traitement exogene  816, 341, 103 lent   451 très très lente   Question récurrente : comment le Joueur A sait combien il paie au Joueur B",0
16,dxyrl4of,145,0,212,212,payment_uar,RedirectUAR,2025-11-17 11:17:41.680769,1,,,62.0,2,,3.0,B,B4,2,écart faible,2,3,,,1,B,A,C,A,2,,3.0,0.0,0.0,0.0,0.0,8,1,yera7rrx,session 2 : exogene,,,"Session 2 17.11 12h Traitement exogene  816, 341, 103 lent   451 très très lente   Question récurrente : comment le Joueur A sait combien il paie au Joueur B",0
17,328h9my3,157,0,212,212,payment_uar,RedirectUAR,2025-11-17 11:17:41.592826,1,,,81.0,1,,1.0,A,A1,3,écart moyen,2,7,,,,B,A,C,A,0,0,1.0,0.0,0.0,0.0,0.0,11,1,yera7rrx,session 2 : exogene,,,"Session 2 17.11 12h Traitement exogene  816, 341, 103 lent   451 très très lente   Question récurrente : comment le Joueur A sait combien il paie au Joueur B",0
18,2atr7nin,864,0,212,212,payment_uar,RedirectUAR,2025-11-17 11:17:41.627918,1,,,97.0,1,,8.0,A,A2,3,écart élevé,4,7,7,1,,B,A,C,A,2,16,8.0,0.0,0.0,0.0,0.0,12,1,yera7rrx,session 2 : exogene,,,"Session 2 17.11 12h Traitement exogene  816, 341, 103 lent   451 très très lente   Question récurrente : comment le Joueur A sait combien il paie au Joueur B",0
19,jo3uhzpl,451,0,212,212,payment_uar,RedirectUAR,2025-11-17 11:17:41.621857,1,,,91.0,1,,6.0,A,A3,3,écart élevé,4,7,4,2,,B,A,C,A,1,16,6.0,0.0,0.0,0.0,0.0,10,1,yera7rrx,session 2 : exogene,,,"Session 2 17.11 12h Traitement exogene  816, 341, 103 lent   451 très très lente   Question récurrente : comment le Joueur A sait combien il paie au Joueur B",0
20,i726n1sv,300,0,212,212,payment_uar,RedirectUAR,2025-11-17 11:17:41.688757,1,,,97.0,1,,8.0,A,A4,3,écart faible,2,3,2,2,,B,A,C,A,1,16,8.0,0.0,0.0,0.0,0.0,9,1,yera7rrx,session 2 : exogene,,,"Session 2 17.11 12h Traitement exogene  816, 341, 103 lent   451 très très lente   Question récurrente : comment le Joueur A sait combien il paie au Joueur B",0
21,0brd9rh3,523,0,212,212,payment_uar,RedirectUAR,2025-11-17 11:17:41.710528,1,,,16.0,2,,1.0,B,B1,3,écart moyen,2,7,,,0,B,A,C,A,0,,1.0,0.0,0.0,0.0,0.0,11,1,yera7rrx,session 2 : exogene,,,"Session 2 17.11 12h Traitement exogene  816, 341, 103 lent   451 très très lente   Question récurrente : comment le Joueur A sait combien il paie au Joueur B",0
22,dvjmiew1,536,0,212,212,payment_uar,RedirectUAR,2025-11-17 11:17:41.862102,1,,,55.0,2,,2.0,B,B2,3,écart faible,2,3,,,1,B,A,C,A,1,,2.0,0.0,0.0,0.0,0.0,9,1,yera7rrx,session 2 : exogene,,,"Session 2 17.11 12h Traitement exogene  816, 341, 103 lent   451 très très lente   Question récurrente : comment le Joueur A sait combien il paie au Joueur B",0
23,c4pryuz6,913,0,212,212,payment_uar,RedirectUAR,2025-11-17 11:17:41.844688,1,,,60.0,2,,7.0,B,B3,3,écart élevé,4,7,,,1,B,A,C,A,2,,7.0,0.0,0.0,0.0,0.0,12,1,yera7rrx,session 2 : exogene,,,"Session 2 17.11 12h Traitement exogene  816, 341, 103 lent   451 très très lente   Question récurrente : comment le Joueur A sait combien il paie au Joueur B",0
24,bnsmt1j4,961,0,212,212,payment_uar,RedirectUAR,2025-11-17 11:17:41.849289,1,,,69.0,2,,4.0,B,B4,3,écart élevé,4,7,,,1,B,A,C,A,1,,4.0,0.0,0.0,0.0,0.0,10,1,yera7rrx,session 2 : exogene,,,"Session 2 17.11 12h Traitement exogene  816, 341, 103 lent   451 très très lente   Question récurrente : comment le Joueur A sait combien il paie au Joueur B",0
25,j2wlcd73,816,0,212,212,payment_uar,RedirectUAR,2025-11-17 11:17:41.878368,1,,,128.0,1,,8.0,A,A1,4,écart moyen,2,7,7,1,,B,A,C,A,2,16,8.0,0.0,0.0,0.0,0.0,14,1,yera7rrx,session 2 : exogene,,,"Session 2 17.11 12h Traitement exogene  816, 341, 103 lent   451 très très lente   Question récurrente : comment le Joueur A sait combien il paie au Joueur B",0
26,hc7hb2na,110,0,212,212,payment_uar,RedirectUAR,2025-11-17 11:17:41.950604,1,,,128.0,1,,6.0,A,A2,4,écart élevé,4,7,4,2,,B,A,C,A,1,16,6.0,0.0,0.0,0.0,0.0,13,1,yera7rrx,session 2 : exogene,,,"Session 2 17.11 12h Traitement exogene  816, 341, 103 lent   451 très très lente   Question récurrente : comment le Joueur A sait combien il paie au Joueur B",0
27,a0r9hbn8,319,0,212,212,payment_uar,RedirectUAR,2025-11-17 11:17:41.959253,1,,,94.0,1,,1.0,A,A3,4,écart faible,2,3,,,,B,A,C,A,0,0,1.0,0.0,0.0,0.0,0.0,15,1,yera7rrx,session 2 : exogene,,,"Session 2 17.11 12h Traitement exogene  816, 341, 103 lent   451 très très lente   Question récurrente : comment le Joueur A sait combien il paie au Joueur B",0
28,hby0pod7,893,0,212,212,payment_uar,RedirectUAR,2025-11-17 11:17:42.010310,1,,,102.0,1,,8.0,A,A4,4,écart moyen,2,7,7,1,,B,A,C,A,2,16,8.0,0.0,0.0,0.0,0.0,16,1,yera7rrx,session 2 : exogene,,,"Session 2 17.11 12h Traitement exogene  816, 341, 103 lent   451 très très lente   Question récurrente : comment le Joueur A sait combien il paie au Joueur B",0
29,8rg3lc9e,825,0,212,212,payment_uar,RedirectUAR,2025-11-17 11:17:42.003755,1,,,71.0,2,,4.0,B,B1,4,écart élevé,4,7,,,1,B,A,C,A,1,,4.0,0.0,0.0,0.0,0.0,13,1,yera7rrx,session 2 : exogene,,,"Session 2 17.11 12h Traitement exogene  816, 341, 103 lent   451 très très lente   Question récurrente : comment le Joueur A sait combien il paie au Joueur B",0
30,ph5f5g8h,615,0,212,212,payment_uar,RedirectUAR,2025-11-17 11:17:42.262589,1,,,79.0,2,,7.0,B,B2,4,écart moyen,2,7,,,1,B,A,C,A,2,,7.0,0.0,0.0,0.0,0.0,14,1,yera7rrx,session 2 : exogene,,,"Session 2 17.11 12h Traitement exogene  816, 341, 103 lent   451 très très lente   Question récurrente : comment le Joueur A sait combien il paie au Joueur B",0
31,e1d23cjz,131,0,212,212,payment_uar,RedirectUAR,2025-11-17 11:17:42.333635,1,,,46.0,2,,1.0,B,B3,4,écart faible,2,3,,,0,B,A,C,A,0,,1.0,0.0,0.0,0.0,0.0,15,1,yera7rrx,session 2 : exogene,,,"Session 2 17.11 12h Traitement exogene  816, 341, 103 lent   451 très très lente   Question récurrente : comment le Joueur A sait combien il paie au Joueur B",0
32,44xj6kyp,473,0,212,212,payment_uar,RedirectUAR,2025-11-17 11:17:42.414832,1,,,66.0,2,,7.0,B,B4,4,écart moyen,2,7,,,1,B,A,C,A,2,,7.0,0.0,0.0,0.0,0.0,16,1,yera7rrx,session 2 : exogene,,,"Session 2 17.11 12h Traitement exogene  816, 341, 103 lent   451 très très lente   Question récurrente : comment le Joueur A sait combien il paie au Joueur B",0
1,7gwc5miu,752,0,212,212,payment_uar,RedirectUAR,2025-11-17 11:17:41.280761,1,,,124.0,1,,12.0,A,A1,1,écart faible,2,3,3,1,,,,,,2,16,12.0,0.0,0.0,0.0,0.0,4,2,yera7rrx,session 2 : exogene,,,"Session 2 17.11 12h Traitement exogene  816, 341, 103 lent   451 très très lente   Question récurrente : comment le Joueur A sait combien il paie au Joueur B",0
2,utgepvr5,672,0,212,212,payment_uar,RedirectUAR,2025-11-17 11:17:41.289526,1,,,117.0,1,,8.0,A,A2,1,écart moyen,2,7,2,2,,,,,,1,16,8.0,0.0,0.0,0.0,0.0,3,2,yera7rrx,session 2 : exogene,,,"Session 2 17.11 12h Traitement exogene  816, 341, 103 lent   451 très très lente   Question récurrente : comment le Joueur A sait combien il paie au Joueur B",0
3,x4h8w8ov,748,0,212,212,payment_uar,RedirectUAR,2025-11-17 11:17:41.294488,1,,,132.0,1,,8.0,A,A3,1,écart moyen,2,7,2,2,,,,,,1,16,8.0,0.0,0.0,0.0,0.0,1,2,yera7rrx,session 2 : exogene,,,"Session 2 17.11 12h Traitement exogene  816, 341, 103 lent   451 très très lente   Question récurrente : comment le Joueur A sait combien il paie au Joueur B",0
4,kzs09zp2,341,0,212,212,payment_uar,RedirectUAR,2025-11-17 11:17:41.298492,1,,,120.0,1,,7.0,A,A4,1,écart moyen,2,7,2,1,,,,,,1,10,7.0,0.0,0.0,0.0,0.0,2,2,yera7rrx,session 2 : exogene,,,"Session 2 17.11 12h Traitement exogene  816, 341, 103 lent   451 très très lente   Question récurrente : comment le Joueur A sait combien il paie au Joueur B",0
5,9xjldfu7,281,0,212,212,payment_uar,RedirectUAR,2025-11-17 11:17:41.302375,1,,,65.0,2,,2.0,B,B1,1,écart moyen,2,7,,,1,,,,,1,,2.0,0.0,0.0,0.0,0.0,2,2,yera7rrx,session 2 : exogene,,,"Session 2 17.11 12h Traitement exogene  816, 341, 103 lent   451 très très lente   Question récurrente : comment le Joueur A sait combien il paie au Joueur B",0
6,7bcqj2vi,609,0,212,212,payment_uar,RedirectUAR,2025-11-17 11:17:41.306678,1,,,66.0,2,,2.0,B,B2,1,écart moyen,2,7,,,1,,,,,1,,2.0,0.0,0.0,0.0,0.0,3,2,yera7rrx,session 2 : exogene,,,"Session 2 17.11 12h Traitement exogene  816, 341, 103 lent   451 très très lente   Question récurrente : comment le Joueur A sait combien il paie au Joueur B",0
7,4iflg2j6,402,0,212,212,payment_uar,RedirectUAR,2025-11-17 11:17:41.320089,1,,,63.0,2,,3.0,B,B3,1,écart faible,2,3,,,1,,,,,2,,3.0,0.0,0.0,0.0,0.0,4,2,yera7rrx,session 2 : exogene,,,"Session 2 17.11 12h Traitement exogene  816, 341, 103 lent   451 très très lente   Question récurrente : comment le Joueur A sait combien il paie au Joueur B",0
8,v410p70w,904,0,212,212,payment_uar,RedirectUAR,2025-11-17 11:17:41.334746,1,,,67.0,2,,2.0,B,B4,1,écart moyen,2,7,,,1,,,,,1,,2.0,0.0,0.0,0.0,0.0,1,2,yera7rrx,session 2 : exogene,,,"Session 2 17.11 12h Traitement exogene  816, 341, 103 lent   451 très très lente   Question récurrente : comment le Joueur A sait combien il paie au Joueur B",0
9,9pmzhqkc,103,0,212,212,payment_uar,RedirectUAR,2025-11-17 11:17:41.508125,1,,,133.0,1,,8.0,A,A1,2,écart moyen,2,7,2,2,,,,,,1,16,8.0,0.0,0.0,0.0,0.0,6,2,yera7rrx,session 2 : exogene,,,"Session 2 17.11 12h Traitement exogene  816, 341, 103 lent   451 très très lente   Question récurrente : comment le Joueur A sait combien il paie au Joueur B",0
10,ec23mjdt,382,0,212,212,payment_uar,RedirectUAR,2025-11-17 11:17:41.479254,1,,,127.0,1,,7.0,A,A2,2,écart faible,2,3,2,1,,,,,,1,10,7.0,0.0,0.0,0.0,0.0,5,2,yera7rrx,session 2 : exogene,,,"Session 2 17.11 12h Traitement exogene  816, 341, 103 lent   451 très très lente   Question récurrente : comment le Joueur A sait combien il paie au Joueur B",0
11,5f9zi98m,680,0,212,212,payment_uar,RedirectUAR,2025-11-17 11:17:41.513716,1,,,125.0,1,,12.0,A,A3,2,écart faible,2,3,3,1,,,,,,2,16,12.0,0.0,0.0,0.0,0.0,7,2,yera7rrx,session 2 : exogene,,,"Session 2 17.11 12h Traitement exogene  816, 341, 103 lent   451 très très lente   Question récurrente : comment le Joueur A sait combien il paie au Joueur B",0
12,9oe86h6k,634,0,212,212,payment_uar,RedirectUAR,2025-11-17 11:17:41.503446,1,,,113.0,1,,8.0,A,A4,2,écart moyen,2,7,2,2,,,,,,1,16,8.0,0.0,0.0,0.0,0.0,8,2,yera7rrx,session 2 : exogene,,,"Session 2 17.11 12h Traitement exogene  816, 341, 103 lent   451 très très lente   Question récurrente : comment le Joueur A sait combien il paie au Joueur B",0
13,yrkawe32,238,0,212,212,payment_uar,RedirectUAR,2025-11-17 11:17:41.553093,1,,,70.0,2,,2.0,B,B1,2,écart moyen,2,7,,,1,,,,,1,,2.0,0.0,0.0,0.0,0.0,8,2,yera7rrx,session 2 : exogene,,,"Session 2 17.11 12h Traitement exogene  816, 341, 103 lent   451 très très lente   Question récurrente : comment le Joueur A sait combien il paie au Joueur B",0
14,jsvse3wp,579,0,212,212,payment_uar,RedirectUAR,2025-11-17 11:17:41.536238,1,,,42.0,2,,2.0,B,B2,2,écart faible,2,3,,,1,,,,,1,,2.0,0.0,0.0,0.0,0.0,5,2,yera7rrx,session 2 : exogene,,,"Session 2 17.11 12h Traitement exogene  816, 341, 103 lent   451 très très lente   Question récurrente : comment le Joueur A sait combien il paie au Joueur B",0
15,r1w53ksj,777,0,212,212,payment_uar,RedirectUAR,2025-11-17 11:17:41.598974,1,,,60.0,2,,3.0,B,B3,2,écart faible,2,3,,,1,,,,,2,,3.0,0.0,0.0,0.0,0.0,7,2,yera7rrx,session 2 : exogene,,,"Session 2 17.11 12h Traitement exogene  816, 341, 103 lent   451 très très lente   Question récurrente : comment le Joueur A sait combien il paie au Joueur B",0
16,dxyrl4of,145,0,212,212,payment_uar,RedirectUAR,2025-11-17 11:17:41.680769,1,,,62.0,2,,2.0,B,B4,2,écart moyen,2,7,,,1,,,,,1,,2.0,0.0,0.0,0.0,0.0,6,2,yera7rrx,session 2 : exogene,,,"Session 2 17.11 12h Traitement exogene  816, 341, 103 lent   451 très très lente   Question récurrente : comment le Joueur A sait combien il paie au Joueur B",0
17,328h9my3,157,0,212,212,payment_uar,RedirectUAR,2025-11-17 11:17:41.592826,1,,,81.0,1,,1.0,A,A1,3,écart faible,2,3,,,,,,,,0,0,1.0,0.0,0.0,0.0,0.0,9,2,yera7rrx,session 2 : exogene,,,"Session 2 17.11 12h Traitement exogene  816, 341, 103 lent   451 très très lente   Question récurrente : comment le Joueur A sait combien il paie au Joueur B",0
18,2atr7nin,864,0,212,212,payment_uar,RedirectUAR,2025-11-17 11:17:41.627918,1,,,97.0,1,,5.0,A,A2,3,écart élevé,4,7,4,1,,,,,,1,10,5.0,0.0,0.0,0.0,0.0,10,2,yera7rrx,session 2 : exogene,,,"Session 2 17.11 12h Traitement exogene  816, 341, 103 lent   451 très très lente   Question récurrente : comment le Joueur A sait combien il paie au Joueur B",0
19,jo3uhzpl,451,0,212,212,payment_uar,RedirectUAR,2025-11-17 11:17:41.621857,1,,,91.0,1,,12.0,A,A3,3,écart faible,2,3,3,1,,,,,,2,16,12.0,0.0,0.0,0.0,0.0,12,2,yera7rrx,session 2 : exogene,,,"Session 2 17.11 12h Traitement exogene  816, 341, 103 lent   451 très très lente   Question récurrente : comment le Joueur A sait combien il paie au Joueur B",0
20,i726n1sv,300,0,212,212,payment_uar,RedirectUAR,2025-11-17 11:17:41.688757,1,,,97.0,1,,8.0,A,A4,3,écart élevé,4,7,7,1,,,,,,2,16,8.0,0.0,0.0,0.0,0.0,11,2,yera7rrx,session 2 : exogene,,,"Session 2 17.11 12h Traitement exogene  816, 341, 103 lent   451 très très lente   Question récurrente : comment le Joueur A sait combien il paie au Joueur B",0
21,0brd9rh3,523,0,212,212,payment_uar,RedirectUAR,2025-11-17 11:17:41.710528,1,,,16.0,2,,1.0,B,B1,3,écart faible,2,3,,,0,,,,,0,,1.0,0.0,0.0,0.0,0.0,9,2,yera7rrx,session 2 : exogene,,,"Session 2 17.11 12h Traitement exogene  816, 341, 103 lent   451 très très lente   Question récurrente : comment le Joueur A sait combien il paie au Joueur B",0
22,dvjmiew1,536,0,212,212,payment_uar,RedirectUAR,2025-11-17 11:17:41.862102,1,,,55.0,2,,7.0,B,B2,3,écart élevé,4,7,,,1,,,,,2,,7.0,0.0,0.0,0.0,0.0,11,2,yera7rrx,session 2 : exogene,,,"Session 2 17.11 12h Traitement exogene  816, 341, 103 lent   451 très très lente   Question récurrente : comment le Joueur A sait combien il paie au Joueur B",0
23,c4pryuz6,913,0,212,212,payment_uar,RedirectUAR,2025-11-17 11:17:41.844688,1,,,60.0,2,,4.0,B,B3,3,écart élevé,4,7,,,1,,,,,1,,4.0,0.0,0.0,0.0,0.0,10,2,yera7rrx,session 2 : exogene,,,"Session 2 17.11 12h Traitement exogene  816, 341, 103 lent   451 très très lente   Question récurrente : comment le Joueur A sait combien il paie au Joueur B",0
24,bnsmt1j4,961,0,212,212,payment_uar,RedirectUAR,2025-11-17 11:17:41.849289,1,,,69.0,2,,3.0,B,B4,3,écart faible,2,3,,,1,,,,,2,,3.0,0.0,0.0,0.0,0.0,12,2,yera7rrx,session 2 : exogene,,,"Session 2 17.11 12h Traitement exogene  816, 341, 103 lent   451 très très lente   Question récurrente : comment le Joueur A sait combien il paie au Joueur B",0
25,j2wlcd73,816,0,212,212,payment_uar,RedirectUAR,2025-11-17 11:17:41.878368,1,,,128.0,1,,7.0,A,A1,4,écart faible,2,3,2,1,,,,,,1,10,7.0,0.0,0.0,0.0,0.0,16,2,yera7rrx,session 2 : exogene,,,"Session 2 17.11 12h Traitement exogene  816, 341, 103 lent   451 très très lente   Question récurrente : comment le Joueur A sait combien il paie au Joueur B",0
26,hc7hb2na,110,0,212,212,payment_uar,RedirectUAR,2025-11-17 11:17:41.950604,1,,,128.0,1,,6.0,A,A2,4,écart élevé,4,7,4,2,,,,,,1,16,6.0,0.0,0.0,0.0,0.0,15,2,yera7rrx,session 2 : exogene,,,"Session 2 17.11 12h Traitement exogene  816, 341, 103 lent   451 très très lente   Question récurrente : comment le Joueur A sait combien il paie au Joueur B",0
27,a0r9hbn8,319,0,212,212,payment_uar,RedirectUAR,2025-11-17 11:17:41.959253,1,,,94.0,1,,8.0,A,A3,4,écart élevé,4,7,7,1,,,,,,2,16,8.0,0.0,0.0,0.0,0.0,13,2,yera7rrx,session 2 : exogene,,,"Session 2 17.11 12h Traitement exogene  816, 341, 103 lent   451 très très lente   Question récurrente : comment le Joueur A sait combien il paie au Joueur B",0
28,hby0pod7,893,0,212,212,payment_uar,RedirectUAR,2025-11-17 11:17:42.010310,1,,,102.0,1,,8.0,A,A4,4,écart élevé,4,7,7,1,,,,,,2,16,8.0,0.0,0.0,0.0,0.0,14,2,yera7rrx,session 2 : exogene,,,"Session 2 17.11 12h Traitement exogene  816, 341, 103 lent   451 très très lente   Question récurrente : comment le Joueur A sait combien il paie au Joueur B",0
29,8rg3lc9e,825,0,212,212,payment_uar,RedirectUAR,2025-11-17 11:17:42.003755,1,,,71.0,2,,7.0,B,B1,4,écart élevé,4,7,,,1,,,,,2,,7.0,0.0,0.0,0.0,0.0,14,2,yera7rrx,session 2 : exogene,,,"Session 2 17.11 12h Traitement exogene  816, 341, 103 lent   451 très très lente   Question récurrente : comment le Joueur A sait combien il paie au Joueur B",0
30,ph5f5g8h,615,0,212,212,payment_uar,RedirectUAR,2025-11-17 11:17:42.262589,1,,,79.0,2,,7.0,B,B2,4,écart élevé,4,7,,,1,,,,,2,,7.0,0.0,0.0,0.0,0.0,13,2,yera7rrx,session 2 : exogene,,,"Session 2 17.11 12h Traitement exogene  816, 341, 103 lent   451 très très lente   Question récurrente : comment le Joueur A sait combien il paie au Joueur B",0
31,e1d23cjz,131,0,212,212,payment_uar,RedirectUAR,2025-11-17 11:17:42.333635,1,,,46.0,2,,4.0,B,B3,4,écart élevé,4,7,,,1,,,,,1,,4.0,0.0,0.0,0.0,0.0,15,2,yera7rrx,session 2 : exogene,,,"Session 2 17.11 12h Traitement exogene  816, 341, 103 lent   451 très très lente   Question récurrente : comment le Joueur A sait combien il paie au Joueur B",0
32,44xj6kyp,473,0,212,212,payment_uar,RedirectUAR,2025-11-17 11:17:42.414832,1,,,66.0,2,,2.0,B,B4,4,écart faible,2,3,,,1,,,,,1,,2.0,0.0,0.0,0.0,0.0,16,2,yera7rrx,session 2 : exogene,,,"Session 2 17.11 12h Traitement exogene  816, 341, 103 lent   451 très très lente   Question récurrente : comment le Joueur A sait combien il paie au Joueur B",0
1,7gwc5miu,752,0,212,212,payment_uar,RedirectUAR,2025-11-17 11:17:41.280761,1,,,124.0,1,,1.0,A,A1,1,écart faible,2,3,,,,,,,,0,0,1.0,0.0,0.0,0.0,0.0,1,3,yera7rrx,session 2 : exogene,,,"Session 2 17.11 12h Traitement exogene  816, 341, 103 lent   451 très très lente   Question récurrente : comment le Joueur A sait combien il paie au Joueur B",0
2,utgepvr5,672,0,212,212,payment_uar,RedirectUAR,2025-11-17 11:17:41.289526,1,,,117.0,1,,6.0,A,A2,1,écart élevé,4,7,4,2,,,,,,1,16,6.0,0.0,0.0,0.0,0.0,4,3,yera7rrx,session 2 : exogene,,,"Session 2 17.11 12h Traitement exogene  816, 341, 103 lent   451 très très lente   Question récurrente : comment le Joueur A sait combien il paie au Joueur B",0
3,x4h8w8ov,748,0,212,212,payment_uar,RedirectUAR,2025-11-17 11:17:41.294488,1,,,132.0,1,,8.0,A,A3,1,écart élevé,4,7,7,1,,,,,,2,16,8.0,0.0,0.0,0.0,0.0,2,3,yera7rrx,session 2 : exogene,,,"Session 2 17.11 12h Traitement exogene  816, 341, 103 lent   451 très très lente   Question récurrente : comment le Joueur A sait combien il paie au Joueur B",0
4,kzs09zp2,341,0,212,212,payment_uar,RedirectUAR,2025-11-17 11:17:41.298492,1,,,120.0,1,,6.0,A,A4,1,écart élevé,4,7,4,2,,,,,,1,16,6.0,0.0,0.0,0.0,0.0,3,3,yera7rrx,session 2 : exogene,,,"Session 2 17.11 12h Traitement exogene  816, 341, 103 lent   451 très très lente   Question récurrente : comment le Joueur A sait combien il paie au Joueur B",0
5,9xjldfu7,281,0,212,212,payment_uar,RedirectUAR,2025-11-17 11:17:41.302375,1,,,65.0,2,,4.0,B,B1,1,écart élevé,4,7,,,1,,,,,1,,4.0,0.0,0.0,0.0,0.0,4,3,yera7rrx,session 2 : exogene,,,"Session 2 17.11 12h Traitement exogene  816, 341, 103 lent   451 très très lente   Question récurrente : comment le Joueur A sait combien il paie au Joueur B",0
6,7bcqj2vi,609,0,212,212,payment_uar,RedirectUAR,2025-11-17 11:17:41.306678,1,,,66.0,2,,4.0,B,B2,1,écart élevé,4,7,,,1,,,,,1,,4.0,0.0,0.0,0.0,0.0,3,3,yera7rrx,session 2 : exogene,,,"Session 2 17.11 12h Traitement exogene  816, 341, 103 lent   451 très très lente   Question récurrente : comment le Joueur A sait combien il paie au Joueur B",0
7,4iflg2j6,402,0,212,212,payment_uar,RedirectUAR,2025-11-17 11:17:41.320089,1,,,63.0,2,,1.0,B,B3,1,écart faible,2,3,,,0,,,,,0,,1.0,0.0,0.0,0.0,0.0,1,3,yera7rrx,session 2 : exogene,,,"Session 2 17.11 12h Traitement exogene  816, 341, 103 lent   451 très très lente   Question récurrente : comment le Joueur A sait combien il paie au Joueur B",0
8,v410p70w,904,0,212,212,payment_uar,RedirectUAR,2025-11-17 11:17:41.334746,1,,,67.0,2,,7.0,B,B4,1,écart élevé,4,7,,,1,,,,,2,,7.0,0.0,0.0,0.0,0.0,2,3,yera7rrx,session 2 : exogene,,,"Session 2 17.11 12h Traitement exogene  816, 341, 103 lent   451 très très lente   Question récurrente : comment le Joueur A sait combien il paie au Joueur B",0
9,9pmzhqkc,103,0,212,212,payment_uar,RedirectUAR,2025-11-17 11:17:41.508125,1,,,133.0,1,,8.0,A,A1,2,écart moyen,2,7,7,1,,,,,,2,16,8.0,0.0,0.0,0.0,0.0,6,3,yera7rrx,session 2 : exogene,,,"Session 2 17.11 12h Traitement exogene  816, 341, 103 lent   451 très très lente   Question récurrente : comment le Joueur A sait combien il paie au Joueur B",0
10,ec23mjdt,382,0,212,212,payment_uar,RedirectUAR,2025-11-17 11:17:41.479254,1,,,127.0,1,,8.0,A,A2,2,écart moyen,2,7,2,2,,,,,,1,16,8.0,0.0,0.0,0.0,0.0,8,3,yera7rrx,session 2 : exogene,,,"Session 2 17.11 12h Traitement exogene  816, 341, 103 lent   451 très très lente   Question récurrente : comment le Joueur A sait combien il paie au Joueur B",0
11,5f9zi98m,680,0,212,212,payment_uar,RedirectUAR,2025-11-17 11:17:41.513716,1,,,125.0,1,,8.0,A,A3,2,écart moyen,2,7,2,2,,,,,,1,16,8.0,0.0,0.0,0.0,0.0,7,3,yera7rrx,session 2 : exogene,,,"Session 2 17.11 12h Traitement exogene  816, 341, 103 lent   451 très très lente   Question récurrente : comment le Joueur A sait combien il paie au Joueur B",0
12,9oe86h6k,634,0,212,212,payment_uar,RedirectUAR,2025-11-17 11:17:41.503446,1,,,113.0,1,,8.0,A,A4,2,écart élevé,4,7,7,1,,,,,,2,16,8.0,0.0,0.0,0.0,0.0,5,3,yera7rrx,session 2 : exogene,,,"Session 2 17.11 12h Traitement exogene  816, 341, 103 lent   451 très très lente   Question récurrente : comment le Joueur A sait combien il paie au Joueur B",0
13,yrkawe32,238,0,212,212,payment_uar,RedirectUAR,2025-11-17 11:17:41.553093,1,,,70.0,2,,7.0,B,B1,2,écart moyen,2,7,,,1,,,,,2,,7.0,0.0,0.0,0.0,0.0,6,3,yera7rrx,session 2 : exogene,,,"Session 2 17.11 12h Traitement exogene  816, 341, 103 lent   451 très très lente   Question récurrente : comment le Joueur A sait combien il paie au Joueur B",0
14,jsvse3wp,579,0,212,212,payment_uar,RedirectUAR,2025-11-17 11:17:41.536238,1,,,42.0,2,,2.0,B,B2,2,écart moyen,2,7,,,1,,,,,1,,2.0,0.0,0.0,0.0,0.0,8,3,yera7rrx,session 2 : exogene,,,"Session 2 17.11 12h Traitement exogene  816, 341, 103 lent   451 très très lente   Question récurrente : comment le Joueur A sait combien il paie au Joueur B",0
15,r1w53ksj,777,0,212,212,payment_uar,RedirectUAR,2025-11-17 11:17:41.598974,1,,,60.0,2,,2.0,B,B3,2,écart moyen,2,7,,,1,,,,,1,,2.0,0.0,0.0,0.0,0.0,7,3,yera7rrx,session 2 : exogene,,,"Session 2 17.11 12h Traitement exogene  816, 341, 103 lent   451 très très lente   Question récurrente : comment le Joueur A sait combien il paie au Joueur B",0
16,dxyrl4of,145,0,212,212,payment_uar,RedirectUAR,2025-11-17 11:17:41.680769,1,,,62.0,2,,7.0,B,B4,2,écart élevé,4,7,,,1,,,,,2,,7.0,0.0,0.0,0.0,0.0,5,3,yera7rrx,session 2 : exogene,,,"Session 2 17.11 12h Traitement exogene  816, 341, 103 lent   451 très très lente   Question récurrente : comment le Joueur A sait combien il paie au Joueur B",0
17,328h9my3,157,0,212,212,payment_uar,RedirectUAR,2025-11-17 11:17:41.592826,1,,,81.0,1,,1.0,A,A1,3,écart élevé,4,7,,,,,,,,0,0,1.0,0.0,0.0,0.0,0.0,10,3,yera7rrx,session 2 : exogene,,,"Session 2 17.11 12h Traitement exogene  816, 341, 103 lent   451 très très lente   Question récurrente : comment le Joueur A sait combien il paie au Joueur B",0
18,2atr7nin,864,0,212,212,payment_uar,RedirectUAR,2025-11-17 11:17:41.627918,1,,,97.0,1,,12.0,A,A2,3,écart faible,2,3,3,1,,,,,,2,16,12.0,0.0,0.0,0.0,0.0,12,3,yera7rrx,session 2 : exogene,,,"Session 2 17.11 12h Traitement exogene  816, 341, 103 lent   451 très très lente   Question récurrente : comment le Joueur A sait combien il paie au Joueur B",0
19,jo3uhzpl,451,0,212,212,payment_uar,RedirectUAR,2025-11-17 11:17:41.621857,1,,,91.0,1,,7.0,A,A3,3,écart moyen,2,7,2,1,,,,,,1,10,7.0,0.0,0.0,0.0,0.0,11,3,yera7rrx,session 2 : exogene,,,"Session 2 17.11 12h Traitement exogene  816, 341, 103 lent   451 très très lente   Question récurrente : comment le Joueur A sait combien il paie au Joueur B",0
20,i726n1sv,300,0,212,212,payment_uar,RedirectUAR,2025-11-17 11:17:41.688757,1,,,97.0,1,,8.0,A,A4,3,écart moyen,2,7,2,2,,,,,,1,16,8.0,0.0,0.0,0.0,0.0,9,3,yera7rrx,session 2 : exogene,,,"Session 2 17.11 12h Traitement exogene  816, 341, 103 lent   451 très très lente   Question récurrente : comment le Joueur A sait combien il paie au Joueur B",0
21,0brd9rh3,523,0,212,212,payment_uar,RedirectUAR,2025-11-17 11:17:41.710528,1,,,16.0,2,,1.0,B,B1,3,écart élevé,4,7,,,0,,,,,0,,1.0,0.0,0.0,0.0,0.0,10,3,yera7rrx,session 2 : exogene,,,"Session 2 17.11 12h Traitement exogene  816, 341, 103 lent   451 très très lente   Question récurrente : comment le Joueur A sait combien il paie au Joueur B",0
22,dvjmiew1,536,0,212,212,payment_uar,RedirectUAR,2025-11-17 11:17:41.862102,1,,,55.0,2,,3.0,B,B2,3,écart faible,2,3,,,1,,,,,2,,3.0,0.0,0.0,0.0,0.0,12,3,yera7rrx,session 2 : exogene,,,"Session 2 17.11 12h Traitement exogene  816, 341, 103 lent   451 très très lente   Question récurrente : comment le Joueur A sait combien il paie au Joueur B",0
23,c4pryuz6,913,0,212,212,payment_uar,RedirectUAR,2025-11-17 11:17:41.844688,1,,,60.0,2,,2.0,B,B3,3,écart moyen,2,7,,,1,,,,,1,,2.0,0.0,0.0,0.0,0.0,11,3,yera7rrx,session 2 : exogene,,,"Session 2 17.11 12h Traitement exogene  816, 341, 103 lent   451 très très lente   Question récurrente : comment le Joueur A sait combien il paie au Joueur B",0
24,bnsmt1j4,961,0,212,212,payment_uar,RedirectUAR,2025-11-17 11:17:41.849289,1,,,69.0,2,,2.0,B,B4,3,écart moyen,2,7,,,1,,,,,1,,2.0,0.0,0.0,0.0,0.0,9,3,yera7rrx,session 2 : exogene,,,"Session 2 17.11 12h Traitement exogene  816, 341, 103 lent   451 très très lente   Question récurrente : comment le Joueur A sait combien il paie au Joueur B",0
25,j2wlcd73,816,0,212,212,payment_uar,RedirectUAR,2025-11-17 11:17:41.878368,1,,,128.0,1,,1.0,A,A1,4,écart faible,2,3,,,,,,,,0,0,1.0,0.0,0.0,0.0,0.0,15,3,yera7rrx,session 2 : exogene,,,"Session 2 17.11 12h Traitement exogene  816, 341, 103 lent   451 très très lente   Question récurrente : comment le Joueur A sait combien il paie au Joueur B",0
26,hc7hb2na,110,0,212,212,payment_uar,RedirectUAR,2025-11-17 11:17:41.950604,1,,,128.0,1,,12.0,A,A2,4,écart faible,2,3,3,1,,,,,,2,16,12.0,0.0,0.0,0.0,0.0,16,3,yera7rrx,session 2 : exogene,,,"Session 2 17.11 12h Traitement exogene  816, 341, 103 lent   451 très très lente   Question récurrente : comment le Joueur A sait combien il paie au Joueur B",0
27,a0r9hbn8,319,0,212,212,payment_uar,RedirectUAR,2025-11-17 11:17:41.959253,1,,,94.0,1,,6.0,A,A3,4,écart élevé,4,7,4,2,,,,,,1,16,6.0,0.0,0.0,0.0,0.0,14,3,yera7rrx,session 2 : exogene,,,"Session 2 17.11 12h Traitement exogene  816, 341, 103 lent   451 très très lente   Question récurrente : comment le Joueur A sait combien il paie au Joueur B",0
28,hby0pod7,893,0,212,212,payment_uar,RedirectUAR,2025-11-17 11:17:42.010310,1,,,102.0,1,,8.0,A,A4,4,écart moyen,2,7,2,2,,,,,,1,16,8.0,0.0,0.0,0.0,0.0,13,3,yera7rrx,session 2 : exogene,,,"Session 2 17.11 12h Traitement exogene  816, 341, 103 lent   451 très très lente   Question récurrente : comment le Joueur A sait combien il paie au Joueur B",0
29,8rg3lc9e,825,0,212,212,payment_uar,RedirectUAR,2025-11-17 11:17:42.003755,1,,,71.0,2,,3.0,B,B1,4,écart faible,2,3,,,1,,,,,2,,3.0,0.0,0.0,0.0,0.0,16,3,yera7rrx,session 2 : exogene,,,"Session 2 17.11 12h Traitement exogene  816, 341, 103 lent   451 très très lente   Question récurrente : comment le Joueur A sait combien il paie au Joueur B",0
30,ph5f5g8h,615,0,212,212,payment_uar,RedirectUAR,2025-11-17 11:17:42.262589,1,,,79.0,2,,4.0,B,B2,4,écart élevé,4,7,,,1,,,,,1,,4.0,0.0,0.0,0.0,0.0,14,3,yera7rrx,session 2 : exogene,,,"Session 2 17.11 12h Traitement exogene  816, 341, 103 lent   451 très très lente   Question récurrente : comment le Joueur A sait combien il paie au Joueur B",0
31,e1d23cjz,131,0,212,212,payment_uar,RedirectUAR,2025-11-17 11:17:42.333635,1,,,46.0,2,,2.0,B,B3,4,écart moyen,2,7,,,1,,,,,1,,2.0,0.0,0.0,0.0,0.0,13,3,yera7rrx,session 2 : exogene,,,"Session 2 17.11 12h Traitement exogene  816, 341, 103 lent   451 très très lente   Question récurrente : comment le Joueur A sait combien il paie au Joueur B",0
32,44xj6kyp,473,0,212,212,payment_uar,RedirectUAR,2025-11-17 11:17:42.414832,1,,,66.0,2,,1.0,B,B4,4,écart faible,2,3,,,0,,,,,0,,1.0,0.0,0.0,0.0,0.0,15,3,yera7rrx,session 2 : exogene,,,"Session 2 17.11 12h Traitement exogene  816, 341, 103 lent   451 très très lente   Question récurrente : comment le Joueur A sait combien il paie au Joueur B",0
1,7gwc5miu,752,0,212,212,payment_uar,RedirectUAR,2025-11-17 11:17:41.280761,1,,,124.0,1,,7.0,A,A1,1,écart moyen,2,7,2,1,,,,,,1,10,7.0,0.0,0.0,0.0,0.0,1,4,yera7rrx,session 2 : exogene,,,"Session 2 17.11 12h Traitement exogene  816, 341, 103 lent   451 très très lente   Question récurrente : comment le Joueur A sait combien il paie au Joueur B",0
2,utgepvr5,672,0,212,212,payment_uar,RedirectUAR,2025-11-17 11:17:41.289526,1,,,117.0,1,,8.0,A,A2,1,écart élevé,4,7,7,1,,,,,,2,16,8.0,0.0,0.0,0.0,0.0,2,4,yera7rrx,session 2 : exogene,,,"Session 2 17.11 12h Traitement exogene  816, 341, 103 lent   451 très très lente   Question récurrente : comment le Joueur A sait combien il paie au Joueur B",0
3,x4h8w8ov,748,0,212,212,payment_uar,RedirectUAR,2025-11-17 11:17:41.294488,1,,,132.0,1,,8.0,A,A3,1,écart moyen,2,7,2,2,,,,,,1,16,8.0,0.0,0.0,0.0,0.0,4,4,yera7rrx,session 2 : exogene,,,"Session 2 17.11 12h Traitement exogene  816, 341, 103 lent   451 très très lente   Question récurrente : comment le Joueur A sait combien il paie au Joueur B",0
4,kzs09zp2,341,0,212,212,payment_uar,RedirectUAR,2025-11-17 11:17:41.298492,1,,,120.0,1,,7.0,A,A4,1,écart faible,2,3,2,1,,,,,,1,10,7.0,0.0,0.0,0.0,0.0,3,4,yera7rrx,session 2 : exogene,,,"Session 2 17.11 12h Traitement exogene  816, 341, 103 lent   451 très très lente   Question récurrente : comment le Joueur A sait combien il paie au Joueur B",0
5,9xjldfu7,281,0,212,212,payment_uar,RedirectUAR,2025-11-17 11:17:41.302375,1,,,65.0,2,,2.0,B,B1,1,écart moyen,2,7,,,1,,,,,1,,2.0,0.0,0.0,0.0,0.0,1,4,yera7rrx,session 2 : exogene,,,"Session 2 17.11 12h Traitement exogene  816, 341, 103 lent   451 très très lente   Question récurrente : comment le Joueur A sait combien il paie au Joueur B",0
6,7bcqj2vi,609,0,212,212,payment_uar,RedirectUAR,2025-11-17 11:17:41.306678,1,,,66.0,2,,2.0,B,B2,1,écart faible,2,3,,,1,,,,,1,,2.0,0.0,0.0,0.0,0.0,3,4,yera7rrx,session 2 : exogene,,,"Session 2 17.11 12h Traitement exogene  816, 341, 103 lent   451 très très lente   Question récurrente : comment le Joueur A sait combien il paie au Joueur B",0
7,4iflg2j6,402,0,212,212,payment_uar,RedirectUAR,2025-11-17 11:17:41.320089,1,,,63.0,2,,7.0,B,B3,1,écart élevé,4,7,,,1,,,,,2,,7.0,0.0,0.0,0.0,0.0,2,4,yera7rrx,session 2 : exogene,,,"Session 2 17.11 12h Traitement exogene  816, 341, 103 lent   451 très très lente   Question récurrente : comment le Joueur A sait combien il paie au Joueur B",0
8,v410p70w,904,0,212,212,payment_uar,RedirectUAR,2025-11-17 11:17:41.334746,1,,,67.0,2,,2.0,B,B4,1,écart moyen,2,7,,,1,,,,,1,,2.0,0.0,0.0,0.0,0.0,4,4,yera7rrx,session 2 : exogene,,,"Session 2 17.11 12h Traitement exogene  816, 341, 103 lent   451 très très lente   Question récurrente : comment le Joueur A sait combien il paie au Joueur B",0
9,9pmzhqkc,103,0,212,212,payment_uar,RedirectUAR,2025-11-17 11:17:41.508125,1,,,133.0,1,,8.0,A,A1,2,écart faible,2,3,2,2,,,,,,1,16,8.0,0.0,0.0,0.0,0.0,5,4,yera7rrx,session 2 : exogene,,,"Session 2 17.11 12h Traitement exogene  816, 341, 103 lent   451 très très lente   Question récurrente : comment le Joueur A sait combien il paie au Joueur B",0
10,ec23mjdt,382,0,212,212,payment_uar,RedirectUAR,2025-11-17 11:17:41.479254,1,,,127.0,1,,8.0,A,A2,2,écart faible,2,3,2,2,,,,,,1,16,8.0,0.0,0.0,0.0,0.0,6,4,yera7rrx,session 2 : exogene,,,"Session 2 17.11 12h Traitement exogene  816, 341, 103 lent   451 très très lente   Question récurrente : comment le Joueur A sait combien il paie au Joueur B",0
11,5f9zi98m,680,0,212,212,payment_uar,RedirectUAR,2025-11-17 11:17:41.513716,1,,,125.0,1,,8.0,A,A3,2,écart moyen,2,7,2,2,,,,,,1,16,8.0,0.0,0.0,0.0,0.0,7,4,yera7rrx,session 2 : exogene,,,"Session 2 17.11 12h Traitement exogene  816, 341, 103 lent   451 très très lente   Question récurrente : comment le Joueur A sait combien il paie au Joueur B",0
12,9oe86h6k,634,0,212,212,payment_uar,RedirectUAR,2025-11-17 11:17:41.503446,1,,,113.0,1,,8.0,A,A4,2,écart élevé,4,7,7,1,,,,,,2,16,8.0,0.0,0.0,0.0,0.0,8,4,yera7rrx,session 2 : exogene,,,"Session 2 17.11 12h Traitement exogene  816, 341, 103 lent   451 très très lente   Question récurrente : comment le Joueur A sait combien il paie au Joueur B",0
13,yrkawe32,238,0,212,212,payment_uar,RedirectUAR,2025-11-17 11:17:41.553093,1,,,70.0,2,,7.0,B,B1,2,écart élevé,4,7,,,1,,,,,2,,7.0,0.0,0.0,0.0,0.0,8,4,yera7rrx,session 2 : exogene,,,"Session 2 17.11 12h Traitement exogene  816, 341, 103 lent   451 très très lente   Question récurrente : comment le Joueur A sait combien il paie au Joueur B",0
14,jsvse3wp,579,0,212,212,payment_uar,RedirectUAR,2025-11-17 11:17:41.536238,1,,,42.0,2,,2.0,B,B2,2,écart faible,2,3,,,1,,,,,1,,2.0,0.0,0.0,0.0,0.0,5,4,yera7rrx,session 2 : exogene,,,"Session 2 17.11 12h Traitement exogene  816, 341, 103 lent   451 très très lente   Question récurrente : comment le Joueur A sait combien il paie au Joueur B",0
15,r1w53ksj,777,0,212,212,payment_uar,RedirectUAR,2025-11-17 11:17:41.598974,1,,,60.0,2,,2.0,B,B3,2,écart moyen,2,7,,,1,,,,,1,,2.0,0.0,0.0,0.0,0.0,7,4,yera7rrx,session 2 : exogene,,,"Session 2 17.11 12h Traitement exogene  816, 341, 103 lent   451 très très lente   Question récurrente : comment le Joueur A sait combien il paie au Joueur B",0
16,dxyrl4of,145,0,212,212,payment_uar,RedirectUAR,2025-11-17 11:17:41.680769,1,,,62.0,2,,2.0,B,B4,2,écart faible,2,3,,,1,,,,,1,,2.0,0.0,0.0,0.0,0.0,6,4,yera7rrx,session 2 : exogene,,,"Session 2 17.11 12h Traitement exogene  816, 341, 103 lent   451 très très lente   Question récurrente : comment le Joueur A sait combien il paie au Joueur B",0
17,328h9my3,157,0,212,212,payment_uar,RedirectUAR,2025-11-17 11:17:41.592826,1,,,81.0,1,,12.0,A,A1,3,écart faible,2,3,3,1,,,,,,2,16,12.0,0.0,0.0,0.0,0.0,11,4,yera7rrx,session 2 : exogene,,,"Session 2 17.11 12h Traitement exogene  816, 341, 103 lent   451 très très lente   Question récurrente : comment le Joueur A sait combien il paie au Joueur B",0
18,2atr7nin,864,0,212,212,payment_uar,RedirectUAR,2025-11-17 11:17:41.627918,1,,,97.0,1,,7.0,A,A2,3,écart moyen,2,7,2,1,,,,,,1,10,7.0,0.0,0.0,0.0,0.0,10,4,yera7rrx,session 2 : exogene,,,"Session 2 17.11 12h Traitement exogene  816, 341, 103 lent   451 très très lente   Question récurrente : comment le Joueur A sait combien il paie au Joueur B",0
19,jo3uhzpl,451,0,212,212,payment_uar,RedirectUAR,2025-11-17 11:17:41.621857,1,,,91.0,1,,1.0,A,A3,3,écart faible,2,3,,,,,,,,0,0,1.0,0.0,0.0,0.0,0.0,9,4,yera7rrx,session 2 : exogene,,,"Session 2 17.11 12h Traitement exogene  816, 341, 103 lent   451 très très lente   Question récurrente : comment le Joueur A sait combien il paie au Joueur B",0
20,i726n1sv,300,0,212,212,payment_uar,RedirectUAR,2025-11-17 11:17:41.688757,1,,,97.0,1,,1.0,A,A4,3,écart faible,2,3,,,,,,,,0,0,1.0,0.0,0.0,0.0,0.0,12,4,yera7rrx,session 2 : exogene,,,"Session 2 17.11 12h Traitement exogene  816, 341, 103 lent   451 très très lente   Question récurrente : comment le Joueur A sait combien il paie au Joueur B",0
21,0brd9rh3,523,0,212,212,payment_uar,RedirectUAR,2025-11-17 11:17:41.710528,1,,,16.0,2,,1.0,B,B1,3,écart faible,2,3,,,0,,,,,0,,1.0,0.0,0.0,0.0,0.0,9,4,yera7rrx,session 2 : exogene,,,"Session 2 17.11 12h Traitement exogene  816, 341, 103 lent   451 très très lente   Question récurrente : comment le Joueur A sait combien il paie au Joueur B",0
22,dvjmiew1,536,0,212,212,payment_uar,RedirectUAR,2025-11-17 11:17:41.862102,1,,,55.0,2,,2.0,B,B2,3,écart moyen,2,7,,,1,,,,,1,,2.0,0.0,0.0,0.0,0.0,10,4,yera7rrx,session 2 : exogene,,,"Session 2 17.11 12h Traitement exogene  816, 341, 103 lent   451 très très lente   Question récurrente : comment le Joueur A sait combien il paie au Joueur B",0
23,c4pryuz6,913,0,212,212,payment_uar,RedirectUAR,2025-11-17 11:17:41.844688,1,,,60.0,2,,1.0,B,B3,3,écart faible,2,3,,,0,,,,,0,,1.0,0.0,0.0,0.0,0.0,12,4,yera7rrx,session 2 : exogene,,,"Session 2 17.11 12h Traitement exogene  816, 341, 103 lent   451 très très lente   Question récurrente : comment le Joueur A sait combien il paie au Joueur B",0
24,bnsmt1j4,961,0,212,212,payment_uar,RedirectUAR,2025-11-17 11:17:41.849289,1,,,69.0,2,,3.0,B,B4,3,écart faible,2,3,,,1,,,,,2,,3.0,0.0,0.0,0.0,0.0,11,4,yera7rrx,session 2 : exogene,,,"Session 2 17.11 12h Traitement exogene  816, 341, 103 lent   451 très très lente   Question récurrente : comment le Joueur A sait combien il paie au Joueur B",0
25,j2wlcd73,816,0,212,212,payment_uar,RedirectUAR,2025-11-17 11:17:41.878368,1,,,128.0,1,,6.0,A,A1,4,écart élevé,4,7,4,2,,,,,,1,16,6.0,0.0,0.0,0.0,0.0,14,4,yera7rrx,session 2 : exogene,,,"Session 2 17.11 12h Traitement exogene  816, 341, 103 lent   451 très très lente   Question récurrente : comment le Joueur A sait combien il paie au Joueur B",0
26,hc7hb2na,110,0,212,212,payment_uar,RedirectUAR,2025-11-17 11:17:41.950604,1,,,128.0,1,,6.0,A,A2,4,écart élevé,4,7,4,2,,,,,,1,16,6.0,0.0,0.0,0.0,0.0,15,4,yera7rrx,session 2 : exogene,,,"Session 2 17.11 12h Traitement exogene  816, 341, 103 lent   451 très très lente   Question récurrente : comment le Joueur A sait combien il paie au Joueur B",0
27,a0r9hbn8,319,0,212,212,payment_uar,RedirectUAR,2025-11-17 11:17:41.959253,1,,,94.0,1,,5.0,A,A3,4,écart élevé,4,7,4,1,,,,,,1,10,5.0,0.0,0.0,0.0,0.0,16,4,yera7rrx,session 2 : exogene,,,"Session 2 17.11 12h Traitement exogene  816, 341, 103 lent   451 très très lente   Question récurrente : comment le Joueur A sait combien il paie au Joueur B",0
28,hby0pod7,893,0,212,212,payment_uar,RedirectUAR,2025-11-17 11:17:42.010310,1,,,102.0,1,,8.0,A,A4,4,écart moyen,2,7,2,2,,,,,,1,16,8.0,0.0,0.0,0.0,0.0,13,4,yera7rrx,session 2 : exogene,,,"Session 2 17.11 12h Traitement exogene  816, 341, 103 lent   451 très très lente   Question récurrente : comment le Joueur A sait combien il paie au Joueur B",0
29,8rg3lc9e,825,0,212,212,payment_uar,RedirectUAR,2025-11-17 11:17:42.003755,1,,,71.0,2,,2.0,B,B1,4,écart moyen,2,7,,,1,,,,,1,,2.0,0.0,0.0,0.0,0.0,13,4,yera7rrx,session 2 : exogene,,,"Session 2 17.11 12h Traitement exogene  816, 341, 103 lent   451 très très lente   Question récurrente : comment le Joueur A sait combien il paie au Joueur B",0
30,ph5f5g8h,615,0,212,212,payment_uar,RedirectUAR,2025-11-17 11:17:42.262589,1,,,79.0,2,,4.0,B,B2,4,écart élevé,4,7,,,1,,,,,1,,4.0,0.0,0.0,0.0,0.0,15,4,yera7rrx,session 2 : exogene,,,"Session 2 17.11 12h Traitement exogene  816, 341, 103 lent   451 très très lente   Question récurrente : comment le Joueur A sait combien il paie au Joueur B",0
31,e1d23cjz,131,0,212,212,payment_uar,RedirectUAR,2025-11-17 11:17:42.333635,1,,,46.0,2,,4.0,B,B3,4,écart élevé,4,7,,,1,,,,,1,,4.0,0.0,0.0,0.0,0.0,16,4,yera7rrx,session 2 : exogene,,,"Session 2 17.11 12h Traitement exogene  816, 341, 103 lent   451 très très lente   Question récurrente : comment le Joueur A sait combien il paie au Joueur B",0
32,44xj6kyp,473,0,212,212,payment_uar,RedirectUAR,2025-11-17 11:17:42.414832,1,,,66.0,2,,4.0,B,B4,4,écart élevé,4,7,,,1,,,,,1,,4.0,0.0,0.0,0.0,0.0,14,4,yera7rrx,session 2 : exogene,,,"Session 2 17.11 12h Traitement exogene  816, 341, 103 lent   451 très très lente   Question récurrente : comment le Joueur A sait combien il paie au Joueur B",0
1,7gwc5miu,752,0,212,212,payment_uar,RedirectUAR,2025-11-17 11:17:41.280761,1,,,124.0,1,,8.0,A,A1,1,écart moyen,2,7,7,1,,,,,,2,16,8.0,0.0,0.0,0.0,0.0,3,5,yera7rrx,session 2 : exogene,,,"Session 2 17.11 12h Traitement exogene  816, 341, 103 lent   451 très très lente   Question récurrente : comment le Joueur A sait combien il paie au Joueur B",0
2,utgepvr5,672,0,212,212,payment_uar,RedirectUAR,2025-11-17 11:17:41.289526,1,,,117.0,1,,8.0,A,A2,1,écart faible,2,3,2,2,,,,,,1,16,8.0,0.0,0.0,0.0,0.0,1,5,yera7rrx,session 2 : exogene,,,"Session 2 17.11 12h Traitement exogene  816, 341, 103 lent   451 très très lente   Question récurrente : comment le Joueur A sait combien il paie au Joueur B",0
3,x4h8w8ov,748,0,212,212,payment_uar,RedirectUAR,2025-11-17 11:17:41.294488,1,,,132.0,1,,6.0,A,A3,1,écart élevé,4,7,4,2,,,,,,1,16,6.0,0.0,0.0,0.0,0.0,4,5,yera7rrx,session 2 : exogene,,,"Session 2 17.11 12h Traitement exogene  816, 341, 103 lent   451 très très lente   Question récurrente : comment le Joueur A sait combien il paie au Joueur B",0
4,kzs09zp2,341,0,212,212,payment_uar,RedirectUAR,2025-11-17 11:17:41.298492,1,,,120.0,1,,8.0,A,A4,1,écart faible,2,3,2,2,,,,,,1,16,8.0,0.0,0.0,0.0,0.0,2,5,yera7rrx,session 2 : exogene,,,"Session 2 17.11 12h Traitement exogene  816, 341, 103 lent   451 très très lente   Question récurrente : comment le Joueur A sait combien il paie au Joueur B",0
5,9xjldfu7,281,0,212,212,payment_uar,RedirectUAR,2025-11-17 11:17:41.302375,1,,,65.0,2,,7.0,B,B1,1,écart moyen,2,7,,,1,,,,,2,,7.0,0.0,0.0,0.0,0.0,3,5,yera7rrx,session 2 : exogene,,,"Session 2 17.11 12h Traitement exogene  816, 341, 103 lent   451 très très lente   Question récurrente : comment le Joueur A sait combien il paie au Joueur B",0
6,7bcqj2vi,609,0,212,212,payment_uar,RedirectUAR,2025-11-17 11:17:41.306678,1,,,66.0,2,,2.0,B,B2,1,écart faible,2,3,,,1,,,,,1,,2.0,0.0,0.0,0.0,0.0,2,5,yera7rrx,session 2 : exogene,,,"Session 2 17.11 12h Traitement exogene  816, 341, 103 lent   451 très très lente   Question récurrente : comment le Joueur A sait combien il paie au Joueur B",0
7,4iflg2j6,402,0,212,212,payment_uar,RedirectUAR,2025-11-17 11:17:41.320089,1,,,63.0,2,,2.0,B,B3,1,écart faible,2,3,,,1,,,,,1,,2.0,0.0,0.0,0.0,0.0,1,5,yera7rrx,session 2 : exogene,,,"Session 2 17.11 12h Traitement exogene  816, 341, 103 lent   451 très très lente   Question récurrente : comment le Joueur A sait combien il paie au Joueur B",0
8,v410p70w,904,0,212,212,payment_uar,RedirectUAR,2025-11-17 11:17:41.334746,1,,,67.0,2,,4.0,B,B4,1,écart élevé,4,7,,,1,,,,,1,,4.0,0.0,0.0,0.0,0.0,4,5,yera7rrx,session 2 : exogene,,,"Session 2 17.11 12h Traitement exogene  816, 341, 103 lent   451 très très lente   Question récurrente : comment le Joueur A sait combien il paie au Joueur B",0
9,9pmzhqkc,103,0,212,212,payment_uar,RedirectUAR,2025-11-17 11:17:41.508125,1,,,133.0,1,,8.0,A,A1,2,écart moyen,2,7,2,2,,,,,,1,16,8.0,0.0,0.0,0.0,0.0,5,5,yera7rrx,session 2 : exogene,,,"Session 2 17.11 12h Traitement exogene  816, 341, 103 lent   451 très très lente   Question récurrente : comment le Joueur A sait combien il paie au Joueur B",0
10,ec23mjdt,382,0,212,212,payment_uar,RedirectUAR,2025-11-17 11:17:41.479254,1,,,127.0,1,,8.0,A,A2,2,écart élevé,4,7,7,1,,,,,,2,16,8.0,0.0,0.0,0.0,0.0,8,5,yera7rrx,session 2 : exogene,,,"Session 2 17.11 12h Traitement exogene  816, 341, 103 lent   451 très très lente   Question récurrente : comment le Joueur A sait combien il paie au Joueur B",0
11,5f9zi98m,680,0,212,212,payment_uar,RedirectUAR,2025-11-17 11:17:41.513716,1,,,125.0,1,,8.0,A,A3,2,écart faible,2,3,2,2,,,,,,1,16,8.0,0.0,0.0,0.0,0.0,6,5,yera7rrx,session 2 : exogene,,,"Session 2 17.11 12h Traitement exogene  816, 341, 103 lent   451 très très lente   Question récurrente : comment le Joueur A sait combien il paie au Joueur B",0
12,9oe86h6k,634,0,212,212,payment_uar,RedirectUAR,2025-11-17 11:17:41.503446,1,,,113.0,1,,8.0,A,A4,2,écart élevé,4,7,7,1,,,,,,2,16,8.0,0.0,0.0,0.0,0.0,7,5,yera7rrx,session 2 : exogene,,,"Session 2 17.11 12h Traitement exogene  816, 341, 103 lent   451 très très lente   Question récurrente : comment le Joueur A sait combien il paie au Joueur B",0
13,yrkawe32,238,0,212,212,payment_uar,RedirectUAR,2025-11-17 11:17:41.553093,1,,,70.0,2,,2.0,B,B1,2,écart moyen,2,7,,,1,,,,,1,,2.0,0.0,0.0,0.0,0.0,5,5,yera7rrx,session 2 : exogene,,,"Session 2 17.11 12h Traitement exogene  816, 341, 103 lent   451 très très lente   Question récurrente : comment le Joueur A sait combien il paie au Joueur B",0
14,jsvse3wp,579,0,212,212,payment_uar,RedirectUAR,2025-11-17 11:17:41.536238,1,,,42.0,2,,2.0,B,B2,2,écart faible,2,3,,,1,,,,,1,,2.0,0.0,0.0,0.0,0.0,6,5,yera7rrx,session 2 : exogene,,,"Session 2 17.11 12h Traitement exogene  816, 341, 103 lent   451 très très lente   Question récurrente : comment le Joueur A sait combien il paie au Joueur B",0
15,r1w53ksj,777,0,212,212,payment_uar,RedirectUAR,2025-11-17 11:17:41.598974,1,,,60.0,2,,7.0,B,B3,2,écart élevé,4,7,,,1,,,,,2,,7.0,0.0,0.0,0.0,0.0,8,5,yera7rrx,session 2 : exogene,,,"Session 2 17.11 12h Traitement exogene  816, 341, 103 lent   451 très très lente   Question récurrente : comment le Joueur A sait combien il paie au Joueur B",0
16,dxyrl4of,145,0,212,212,payment_uar,RedirectUAR,2025-11-17 11:17:41.680769,1,,,62.0,2,,7.0,B,B4,2,écart élevé,4,7,,,1,,,,,2,,7.0,0.0,0.0,0.0,0.0,7,5,yera7rrx,session 2 : exogene,,,"Session 2 17.11 12h Traitement exogene  816, 341, 103 lent   451 très très lente   Question récurrente : comment le Joueur A sait combien il paie au Joueur B",0
17,328h9my3,157,0,212,212,payment_uar,RedirectUAR,2025-11-17 11:17:41.592826,1,,,81.0,1,,7.0,A,A1,3,écart faible,2,3,2,1,,,,,,1,10,7.0,0.0,0.0,0.0,0.0,10,5,yera7rrx,session 2 : exogene,,,"Session 2 17.11 12h Traitement exogene  816, 341, 103 lent   451 très très lente   Question récurrente : comment le Joueur A sait combien il paie au Joueur B",0
18,2atr7nin,864,0,212,212,payment_uar,RedirectUAR,2025-11-17 11:17:41.627918,1,,,97.0,1,,5.0,A,A2,3,écart élevé,4,7,4,1,,,,,,1,10,5.0,0.0,0.0,0.0,0.0,9,5,yera7rrx,session 2 : exogene,,,"Session 2 17.11 12h Traitement exogene  816, 341, 103 lent   451 très très lente   Question récurrente : comment le Joueur A sait combien il paie au Joueur B",0
19,jo3uhzpl,451,0,212,212,payment_uar,RedirectUAR,2025-11-17 11:17:41.621857,1,,,91.0,1,,5.0,A,A3,3,écart élevé,4,7,4,1,,,,,,1,10,5.0,0.0,0.0,0.0,0.0,12,5,yera7rrx,session 2 : exogene,,,"Session 2 17.11 12h Traitement exogene  816, 341, 103 lent   451 très très lente   Question récurrente : comment le Joueur A sait combien il paie au Joueur B",0
20,i726n1sv,300,0,212,212,payment_uar,RedirectUAR,2025-11-17 11:17:41.688757,1,,,97.0,1,,1.0,A,A4,3,écart élevé,4,7,,,,,,,,0,0,1.0,0.0,0.0,0.0,0.0,11,5,yera7rrx,session 2 : exogene,,,"Session 2 17.11 12h Traitement exogene  816, 341, 103 lent   451 très très lente   Question récurrente : comment le Joueur A sait combien il paie au Joueur B",0
21,0brd9rh3,523,0,212,212,payment_uar,RedirectUAR,2025-11-17 11:17:41.710528,1,,,16.0,2,,1.0,B,B1,3,écart élevé,4,7,,,0,,,,,0,,1.0,0.0,0.0,0.0,0.0,11,5,yera7rrx,session 2 : exogene,,,"Session 2 17.11 12h Traitement exogene  816, 341, 103 lent   451 très très lente   Question récurrente : comment le Joueur A sait combien il paie au Joueur B",0
22,dvjmiew1,536,0,212,212,payment_uar,RedirectUAR,2025-11-17 11:17:41.862102,1,,,55.0,2,,4.0,B,B2,3,écart élevé,4,7,,,1,,,,,1,,4.0,0.0,0.0,0.0,0.0,9,5,yera7rrx,session 2 : exogene,,,"Session 2 17.11 12h Traitement exogene  816, 341, 103 lent   451 très très lente   Question récurrente : comment le Joueur A sait combien il paie au Joueur B",0
23,c4pryuz6,913,0,212,212,payment_uar,RedirectUAR,2025-11-17 11:17:41.844688,1,,,60.0,2,,2.0,B,B3,3,écart faible,2,3,,,1,,,,,1,,2.0,0.0,0.0,0.0,0.0,10,5,yera7rrx,session 2 : exogene,,,"Session 2 17.11 12h Traitement exogene  816, 341, 103 lent   451 très très lente   Question récurrente : comment le Joueur A sait combien il paie au Joueur B",0
24,bnsmt1j4,961,0,212,212,payment_uar,RedirectUAR,2025-11-17 11:17:41.849289,1,,,69.0,2,,4.0,B,B4,3,écart élevé,4,7,,,1,,,,,1,,4.0,0.0,0.0,0.0,0.0,12,5,yera7rrx,session 2 : exogene,,,"Session 2 17.11 12h Traitement exogene  816, 341, 103 lent   451 très très lente   Question récurrente : comment le Joueur A sait combien il paie au Joueur B",0
25,j2wlcd73,816,0,212,212,payment_uar,RedirectUAR,2025-11-17 11:17:41.878368,1,,,128.0,1,,8.0,A,A1,4,écart moyen,2,7,2,2,,,,,,1,16,8.0,0.0,0.0,0.0,0.0,13,5,yera7rrx,session 2 : exogene,,,"Session 2 17.11 12h Traitement exogene  816, 341, 103 lent   451 très très lente   Question récurrente : comment le Joueur A sait combien il paie au Joueur B",0
26,hc7hb2na,110,0,212,212,payment_uar,RedirectUAR,2025-11-17 11:17:41.950604,1,,,128.0,1,,8.0,A,A2,4,écart moyen,2,7,2,2,,,,,,1,16,8.0,0.0,0.0,0.0,0.0,15,5,yera7rrx,session 2 : exogene,,,"Session 2 17.11 12h Traitement exogene  816, 341, 103 lent   451 très très lente   Question récurrente : comment le Joueur A sait combien il paie au Joueur B",0
27,a0r9hbn8,319,0,212,212,payment_uar,RedirectUAR,2025-11-17 11:17:41.959253,1,,,94.0,1,,8.0,A,A3,4,écart moyen,2,7,2,2,,,,,,1,16,8.0,0.0,0.0,0.0,0.0,16,5,yera7rrx,session 2 : exogene,,,"Session 2 17.11 12h Traitement exogene  816, 341, 103 lent   451 très très lente   Question récurrente : comment le Joueur A sait combien il paie au Joueur B",0
28,hby0pod7,893,0,212,212,payment_uar,RedirectUAR,2025-11-17 11:17:42.010310,1,,,102.0,1,,1.0,A,A4,4,écart faible,2,3,,,,,,,,0,0,1.0,0.0,0.0,0.0,0.0,14,5,yera7rrx,session 2 : exogene,,,"Session 2 17.11 12h Traitement exogene  816, 341, 103 lent   451 très très lente   Question récurrente : comment le Joueur A sait combien il paie au Joueur B",0
29,8rg3lc9e,825,0,212,212,payment_uar,RedirectUAR,2025-11-17 11:17:42.003755,1,,,71.0,2,,2.0,B,B1,4,écart moyen,2,7,,,1,,,,,1,,2.0,0.0,0.0,0.0,0.0,16,5,yera7rrx,session 2 : exogene,,,"Session 2 17.11 12h Traitement exogene  816, 341, 103 lent   451 très très lente   Question récurrente : comment le Joueur A sait combien il paie au Joueur B",0
30,ph5f5g8h,615,0,212,212,payment_uar,RedirectUAR,2025-11-17 11:17:42.262589,1,,,79.0,2,,2.0,B,B2,4,écart moyen,2,7,,,1,,,,,1,,2.0,0.0,0.0,0.0,0.0,13,5,yera7rrx,session 2 : exogene,,,"Session 2 17.11 12h Traitement exogene  816, 341, 103 lent   451 très très lente   Question récurrente : comment le Joueur A sait combien il paie au Joueur B",0
31,e1d23cjz,131,0,212,212,payment_uar,RedirectUAR,2025-11-17 11:17:42.333635,1,,,46.0,2,,1.0,B,B3,4,écart faible,2,3,,,0,,,,,0,,1.0,0.0,0.0,0.0,0.0,14,5,yera7rrx,session 2 : exogene,,,"Session 2 17.11 12h Traitement exogene  816, 341, 103 lent   451 très très lente   Question récurrente : comment le Joueur A sait combien il paie au Joueur B",0
32,44xj6kyp,473,0,212,212,payment_uar,RedirectUAR,2025-11-17 11:17:42.414832,1,,,66.0,2,,2.0,B,B4,4,écart moyen,2,7,,,1,,,,,1,,2.0,0.0,0.0,0.0,0.0,15,5,yera7rrx,session 2 : exogene,,,"Session 2 17.11 12h Traitement exogene  816, 341, 103 lent   451 très très lente   Question récurrente : comment le Joueur A sait combien il paie au Joueur B",0
1,7gwc5miu,752,0,212,212,payment_uar,RedirectUAR,2025-11-17 11:17:41.280761,1,,,124.0,1,,7.0,A,A1,1,écart faible,2,3,2,1,,,,,,1,10,7.0,0.0,0.0,0.0,0.0,4,6,yera7rrx,session 2 : exogene,,,"Session 2 17.11 12h Traitement exogene  816, 341, 103 lent   451 très très lente   Question récurrente : comment le Joueur A sait combien il paie au Joueur B",0
2,utgepvr5,672,0,212,212,payment_uar,RedirectUAR,2025-11-17 11:17:41.289526,1,,,117.0,1,,6.0,A,A2,1,écart élevé,4,7,4,2,,,,,,1,16,6.0,0.0,0.0,0.0,0.0,2,6,yera7rrx,session 2 : exogene,,,"Session 2 17.11 12h Traitement exogene  816, 341, 103 lent   451 très très lente   Question récurrente : comment le Joueur A sait combien il paie au Joueur B",0
3,x4h8w8ov,748,0,212,212,payment_uar,RedirectUAR,2025-11-17 11:17:41.294488,1,,,132.0,1,,8.0,A,A3,1,écart faible,2,3,2,2,,,,,,1,16,8.0,0.0,0.0,0.0,0.0,3,6,yera7rrx,session 2 : exogene,,,"Session 2 17.11 12h Traitement exogene  816, 341, 103 lent   451 très très lente   Question récurrente : comment le Joueur A sait combien il paie au Joueur B",0
4,kzs09zp2,341,0,212,212,payment_uar,RedirectUAR,2025-11-17 11:17:41.298492,1,,,120.0,1,,7.0,A,A4,1,écart faible,2,3,2,1,,,,,,1,10,7.0,0.0,0.0,0.0,0.0,1,6,yera7rrx,session 2 : exogene,,,"Session 2 17.11 12h Traitement exogene  816, 341, 103 lent   451 très très lente   Question récurrente : comment le Joueur A sait combien il paie au Joueur B",0
5,9xjldfu7,281,0,212,212,payment_uar,RedirectUAR,2025-11-17 11:17:41.302375,1,,,65.0,2,,4.0,B,B1,1,écart élevé,4,7,,,1,,,,,1,,4.0,0.0,0.0,0.0,0.0,2,6,yera7rrx,session 2 : exogene,,,"Session 2 17.11 12h Traitement exogene  816, 341, 103 lent   451 très très lente   Question récurrente : comment le Joueur A sait combien il paie au Joueur B",0
6,7bcqj2vi,609,0,212,212,payment_uar,RedirectUAR,2025-11-17 11:17:41.306678,1,,,66.0,2,,2.0,B,B2,1,écart faible,2,3,,,1,,,,,1,,2.0,0.0,0.0,0.0,0.0,3,6,yera7rrx,session 2 : exogene,,,"Session 2 17.11 12h Traitement exogene  816, 341, 103 lent   451 très très lente   Question récurrente : comment le Joueur A sait combien il paie au Joueur B",0
7,4iflg2j6,402,0,212,212,payment_uar,RedirectUAR,2025-11-17 11:17:41.320089,1,,,63.0,2,,2.0,B,B3,1,écart faible,2,3,,,1,,,,,1,,2.0,0.0,0.0,0.0,0.0,4,6,yera7rrx,session 2 : exogene,,,"Session 2 17.11 12h Traitement exogene  816, 341, 103 lent   451 très très lente   Question récurrente : comment le Joueur A sait combien il paie au Joueur B",0
8,v410p70w,904,0,212,212,payment_uar,RedirectUAR,2025-11-17 11:17:41.334746,1,,,67.0,2,,2.0,B,B4,1,écart faible,2,3,,,1,,,,,1,,2.0,0.0,0.0,0.0,0.0,1,6,yera7rrx,session 2 : exogene,,,"Session 2 17.11 12h Traitement exogene  816, 341, 103 lent   451 très très lente   Question récurrente : comment le Joueur A sait combien il paie au Joueur B",0
9,9pmzhqkc,103,0,212,212,payment_uar,RedirectUAR,2025-11-17 11:17:41.508125,1,,,133.0,1,,8.0,A,A1,2,écart moyen,2,7,7,1,,,,,,2,16,8.0,0.0,0.0,0.0,0.0,7,6,yera7rrx,session 2 : exogene,,,"Session 2 17.11 12h Traitement exogene  816, 341, 103 lent   451 très très lente   Question récurrente : comment le Joueur A sait combien il paie au Joueur B",0
10,ec23mjdt,382,0,212,212,payment_uar,RedirectUAR,2025-11-17 11:17:41.479254,1,,,127.0,1,,8.0,A,A2,2,écart faible,2,3,2,2,,,,,,1,16,8.0,0.0,0.0,0.0,0.0,8,6,yera7rrx,session 2 : exogene,,,"Session 2 17.11 12h Traitement exogene  816, 341, 103 lent   451 très très lente   Question récurrente : comment le Joueur A sait combien il paie au Joueur B",0
11,5f9zi98m,680,0,212,212,payment_uar,RedirectUAR,2025-11-17 11:17:41.513716,1,,,125.0,1,,8.0,A,A3,2,écart moyen,2,7,2,2,,,,,,1,16,8.0,0.0,0.0,0.0,0.0,5,6,yera7rrx,session 2 : exogene,,,"Session 2 17.11 12h Traitement exogene  816, 341, 103 lent   451 très très lente   Question récurrente : comment le Joueur A sait combien il paie au Joueur B",0
12,9oe86h6k,634,0,212,212,payment_uar,RedirectUAR,2025-11-17 11:17:41.503446,1,,,113.0,1,,7.0,A,A4,2,écart faible,2,3,2,1,,,,,,1,10,7.0,0.0,0.0,0.0,0.0,6,6,yera7rrx,session 2 : exogene,,,"Session 2 17.11 12h Traitement exogene  816, 341, 103 lent   451 très très lente   Question récurrente : comment le Joueur A sait combien il paie au Joueur B",0
13,yrkawe32,238,0,212,212,payment_uar,RedirectUAR,2025-11-17 11:17:41.553093,1,,,70.0,2,,7.0,B,B1,2,écart moyen,2,7,,,1,,,,,2,,7.0,0.0,0.0,0.0,0.0,7,6,yera7rrx,session 2 : exogene,,,"Session 2 17.11 12h Traitement exogene  816, 341, 103 lent   451 très très lente   Question récurrente : comment le Joueur A sait combien il paie au Joueur B",0
14,jsvse3wp,579,0,212,212,payment_uar,RedirectUAR,2025-11-17 11:17:41.536238,1,,,42.0,2,,2.0,B,B2,2,écart faible,2,3,,,1,,,,,1,,2.0,0.0,0.0,0.0,0.0,6,6,yera7rrx,session 2 : exogene,,,"Session 2 17.11 12h Traitement exogene  816, 341, 103 lent   451 très très lente   Question récurrente : comment le Joueur A sait combien il paie au Joueur B",0
15,r1w53ksj,777,0,212,212,payment_uar,RedirectUAR,2025-11-17 11:17:41.598974,1,,,60.0,2,,2.0,B,B3,2,écart moyen,2,7,,,1,,,,,1,,2.0,0.0,0.0,0.0,0.0,5,6,yera7rrx,session 2 : exogene,,,"Session 2 17.11 12h Traitement exogene  816, 341, 103 lent   451 très très lente   Question récurrente : comment le Joueur A sait combien il paie au Joueur B",0
16,dxyrl4of,145,0,212,212,payment_uar,RedirectUAR,2025-11-17 11:17:41.680769,1,,,62.0,2,,2.0,B,B4,2,écart faible,2,3,,,1,,,,,1,,2.0,0.0,0.0,0.0,0.0,8,6,yera7rrx,session 2 : exogene,,,"Session 2 17.11 12h Traitement exogene  816, 341, 103 lent   451 très très lente   Question récurrente : comment le Joueur A sait combien il paie au Joueur B",0
17,328h9my3,157,0,212,212,payment_uar,RedirectUAR,2025-11-17 11:17:41.592826,1,,,81.0,1,,3.0,A,A1,3,écart moyen,2,7,7,2,,,,,,2,16,3.0,0.0,0.0,0.0,0.0,9,6,yera7rrx,session 2 : exogene,,,"Session 2 17.11 12h Traitement exogene  816, 341, 103 lent   451 très très lente   Question récurrente : comment le Joueur A sait combien il paie au Joueur B",0
18,2atr7nin,864,0,212,212,payment_uar,RedirectUAR,2025-11-17 11:17:41.627918,1,,,97.0,1,,1.0,A,A2,3,écart élevé,4,7,,,,,,,,0,0,1.0,0.0,0.0,0.0,0.0,12,6,yera7rrx,session 2 : exogene,,,"Session 2 17.11 12h Traitement exogene  816, 341, 103 lent   451 très très lente   Question récurrente : comment le Joueur A sait combien il paie au Joueur B",0
19,jo3uhzpl,451,0,212,212,payment_uar,RedirectUAR,2025-11-17 11:17:41.621857,1,,,91.0,1,,8.0,A,A3,3,écart faible,2,3,2,2,,,,,,1,16,8.0,0.0,0.0,0.0,0.0,11,6,yera7rrx,session 2 : exogene,,,"Session 2 17.11 12h Traitement exogene  816, 341, 103 lent   451 très très lente   Question récurrente : comment le Joueur A sait combien il paie au Joueur B",0
20,i726n1sv,300,0,212,212,payment_uar,RedirectUAR,2025-11-17 11:17:41.688757,1,,,97.0,1,,8.0,A,A4,3,écart élevé,4,7,7,1,,,,,,2,16,8.0,0.0,0.0,0.0,0.0,10,6,yera7rrx,session 2 : exogene,,,"Session 2 17.11 12h Traitement exogene  816, 341, 103 lent   451 très très lente   Question récurrente : comment le Joueur A sait combien il paie au Joueur B",0
21,0brd9rh3,523,0,212,212,payment_uar,RedirectUAR,2025-11-17 11:17:41.710528,1,,,16.0,2,,1.0,B,B1,3,écart élevé,4,7,,,0,,,,,0,,1.0,0.0,0.0,0.0,0.0,12,6,yera7rrx,session 2 : exogene,,,"Session 2 17.11 12h Traitement exogene  816, 341, 103 lent   451 très très lente   Question récurrente : comment le Joueur A sait combien il paie au Joueur B",0
22,dvjmiew1,536,0,212,212,payment_uar,RedirectUAR,2025-11-17 11:17:41.862102,1,,,55.0,2,,2.0,B,B2,3,écart faible,2,3,,,1,,,,,1,,2.0,0.0,0.0,0.0,0.0,11,6,yera7rrx,session 2 : exogene,,,"Session 2 17.11 12h Traitement exogene  816, 341, 103 lent   451 très très lente   Question récurrente : comment le Joueur A sait combien il paie au Joueur B",0
23,c4pryuz6,913,0,212,212,payment_uar,RedirectUAR,2025-11-17 11:17:41.844688,1,,,60.0,2,,7.0,B,B3,3,écart moyen,2,7,,,1,,,,,2,,7.0,0.0,0.0,0.0,0.0,9,6,yera7rrx,session 2 : exogene,,,"Session 2 17.11 12h Traitement exogene  816, 341, 103 lent   451 très très lente   Question récurrente : comment le Joueur A sait combien il paie au Joueur B",0
24,bnsmt1j4,961,0,212,212,payment_uar,RedirectUAR,2025-11-17 11:17:41.849289,1,,,69.0,2,,7.0,B,B4,3,écart élevé,4,7,,,1,,,,,2,,7.0,0.0,0.0,0.0,0.0,10,6,yera7rrx,session 2 : exogene,,,"Session 2 17.11 12h Traitement exogene  816, 341, 103 lent   451 très très lente   Question récurrente : comment le Joueur A sait combien il paie au Joueur B",0
25,j2wlcd73,816,0,212,212,payment_uar,RedirectUAR,2025-11-17 11:17:41.878368,1,,,128.0,1,,6.0,A,A1,4,écart élevé,4,7,4,2,,,,,,1,16,6.0,0.0,0.0,0.0,0.0,13,6,yera7rrx,session 2 : exogene,,,"Session 2 17.11 12h Traitement exogene  816, 341, 103 lent   451 très très lente   Question récurrente : comment le Joueur A sait combien il paie au Joueur B",0
26,hc7hb2na,110,0,212,212,payment_uar,RedirectUAR,2025-11-17 11:17:41.950604,1,,,128.0,1,,8.0,A,A2,4,écart élevé,4,7,7,1,,,,,,2,16,8.0,0.0,0.0,0.0,0.0,16,6,yera7rrx,session 2 : exogene,,,"Session 2 17.11 12h Traitement exogene  816, 341, 103 lent   451 très très lente   Question récurrente : comment le Joueur A sait combien il paie au Joueur B",0
27,a0r9hbn8,319,0,212,212,payment_uar,RedirectUAR,2025-11-17 11:17:41.959253,1,,,94.0,1,,8.0,A,A3,4,écart moyen,2,7,2,2,,,,,,1,16,8.0,0.0,0.0,0.0,0.0,14,6,yera7rrx,session 2 : exogene,,,"Session 2 17.11 12h Traitement exogene  816, 341, 103 lent   451 très très lente   Question récurrente : comment le Joueur A sait combien il paie au Joueur B",0
28,hby0pod7,893,0,212,212,payment_uar,RedirectUAR,2025-11-17 11:17:42.010310,1,,,102.0,1,,8.0,A,A4,4,écart moyen,2,7,2,2,,,,,,1,16,8.0,0.0,0.0,0.0,0.0,15,6,yera7rrx,session 2 : exogene,,,"Session 2 17.11 12h Traitement exogene  816, 341, 103 lent   451 très très lente   Question récurrente : comment le Joueur A sait combien il paie au Joueur B",0
29,8rg3lc9e,825,0,212,212,payment_uar,RedirectUAR,2025-11-17 11:17:42.003755,1,,,71.0,2,,4.0,B,B1,4,écart élevé,4,7,,,1,,,,,1,,4.0,0.0,0.0,0.0,0.0,13,6,yera7rrx,session 2 : exogene,,,"Session 2 17.11 12h Traitement exogene  816, 341, 103 lent   451 très très lente   Question récurrente : comment le Joueur A sait combien il paie au Joueur B",0
30,ph5f5g8h,615,0,212,212,payment_uar,RedirectUAR,2025-11-17 11:17:42.262589,1,,,79.0,2,,2.0,B,B2,4,écart moyen,2,7,,,1,,,,,1,,2.0,0.0,0.0,0.0,0.0,15,6,yera7rrx,session 2 : exogene,,,"Session 2 17.11 12h Traitement exogene  816, 341, 103 lent   451 très très lente   Question récurrente : comment le Joueur A sait combien il paie au Joueur B",0
31,e1d23cjz,131,0,212,212,payment_uar,RedirectUAR,2025-11-17 11:17:42.333635,1,,,46.0,2,,2.0,B,B3,4,écart moyen,2,7,,,1,,,,,1,,2.0,0.0,0.0,0.0,0.0,14,6,yera7rrx,session 2 : exogene,,,"Session 2 17.11 12h Traitement exogene  816, 341, 103 lent   451 très très lente   Question récurrente : comment le Joueur A sait combien il paie au Joueur B",0
32,44xj6kyp,473,0,212,212,payment_uar,RedirectUAR,2025-11-17 11:17:42.414832,1,,,66.0,2,,7.0,B,B4,4,écart élevé,4,7,,,1,,,,,2,,7.0,0.0,0.0,0.0,0.0,16,6,yera7rrx,session 2 : exogene,,,"Session 2 17.11 12h Traitement exogene  816, 341, 103 lent   451 très très lente   Question récurrente : comment le Joueur A sait combien il paie au Joueur B",0
1,7gwc5miu,752,0,212,212,payment_uar,RedirectUAR,2025-11-17 11:17:41.280761,1,,,124.0,1,,8.0,A,A1,1,écart moyen,2,7,7,1,,,,,,2,16,8.0,0.0,0.0,0.0,0.0,3,7,yera7rrx,session 2 : exogene,,,"Session 2 17.11 12h Traitement exogene  816, 341, 103 lent   451 très très lente   Question récurrente : comment le Joueur A sait combien il paie au Joueur B",0
2,utgepvr5,672,0,212,212,payment_uar,RedirectUAR,2025-11-17 11:17:41.289526,1,,,117.0,1,,6.0,A,A2,1,écart élevé,4,7,4,2,,,,,,1,16,6.0,0.0,0.0,0.0,0.0,4,7,yera7rrx,session 2 : exogene,,,"Session 2 17.11 12h Traitement exogene  816, 341, 103 lent   451 très très lente   Question récurrente : comment le Joueur A sait combien il paie au Joueur B",0
3,x4h8w8ov,748,0,212,212,payment_uar,RedirectUAR,2025-11-17 11:17:41.294488,1,,,132.0,1,,12.0,A,A3,1,écart faible,2,3,3,1,,,,,,2,16,12.0,0.0,0.0,0.0,0.0,1,7,yera7rrx,session 2 : exogene,,,"Session 2 17.11 12h Traitement exogene  816, 341, 103 lent   451 très très lente   Question récurrente : comment le Joueur A sait combien il paie au Joueur B",0
4,kzs09zp2,341,0,212,212,payment_uar,RedirectUAR,2025-11-17 11:17:41.298492,1,,,120.0,1,,8.0,A,A4,1,écart faible,2,3,2,2,,,,,,1,16,8.0,0.0,0.0,0.0,0.0,2,7,yera7rrx,session 2 : exogene,,,"Session 2 17.11 12h Traitement exogene  816, 341, 103 lent   451 très très lente   Question récurrente : comment le Joueur A sait combien il paie au Joueur B",0
5,9xjldfu7,281,0,212,212,payment_uar,RedirectUAR,2025-11-17 11:17:41.302375,1,,,65.0,2,,3.0,B,B1,1,écart faible,2,3,,,1,,,,,2,,3.0,0.0,0.0,0.0,0.0,1,7,yera7rrx,session 2 : exogene,,,"Session 2 17.11 12h Traitement exogene  816, 341, 103 lent   451 très très lente   Question récurrente : comment le Joueur A sait combien il paie au Joueur B",0
6,7bcqj2vi,609,0,212,212,payment_uar,RedirectUAR,2025-11-17 11:17:41.306678,1,,,66.0,2,,7.0,B,B2,1,écart moyen,2,7,,,1,,,,,2,,7.0,0.0,0.0,0.0,0.0,3,7,yera7rrx,session 2 : exogene,,,"Session 2 17.11 12h Traitement exogene  816, 341, 103 lent   451 très très lente   Question récurrente : comment le Joueur A sait combien il paie au Joueur B",0
7,4iflg2j6,402,0,212,212,payment_uar,RedirectUAR,2025-11-17 11:17:41.320089,1,,,63.0,2,,2.0,B,B3,1,écart faible,2,3,,,1,,,,,1,,2.0,0.0,0.0,0.0,0.0,2,7,yera7rrx,session 2 : exogene,,,"Session 2 17.11 12h Traitement exogene  816, 341, 103 lent   451 très très lente   Question récurrente : comment le Joueur A sait combien il paie au Joueur B",0
8,v410p70w,904,0,212,212,payment_uar,RedirectUAR,2025-11-17 11:17:41.334746,1,,,67.0,2,,4.0,B,B4,1,écart élevé,4,7,,,1,,,,,1,,4.0,0.0,0.0,0.0,0.0,4,7,yera7rrx,session 2 : exogene,,,"Session 2 17.11 12h Traitement exogene  816, 341, 103 lent   451 très très lente   Question récurrente : comment le Joueur A sait combien il paie au Joueur B",0
9,9pmzhqkc,103,0,212,212,payment_uar,RedirectUAR,2025-11-17 11:17:41.508125,1,,,133.0,1,,8.0,A,A1,2,écart élevé,4,7,7,1,,,,,,2,16,8.0,0.0,0.0,0.0,0.0,7,7,yera7rrx,session 2 : exogene,,,"Session 2 17.11 12h Traitement exogene  816, 341, 103 lent   451 très très lente   Question récurrente : comment le Joueur A sait combien il paie au Joueur B",0
10,ec23mjdt,382,0,212,212,payment_uar,RedirectUAR,2025-11-17 11:17:41.479254,1,,,127.0,1,,8.0,A,A2,2,écart moyen,2,7,7,1,,,,,,2,16,8.0,0.0,0.0,0.0,0.0,8,7,yera7rrx,session 2 : exogene,,,"Session 2 17.11 12h Traitement exogene  816, 341, 103 lent   451 très très lente   Question récurrente : comment le Joueur A sait combien il paie au Joueur B",0
11,5f9zi98m,680,0,212,212,payment_uar,RedirectUAR,2025-11-17 11:17:41.513716,1,,,125.0,1,,8.0,A,A3,2,écart moyen,2,7,2,2,,,,,,1,16,8.0,0.0,0.0,0.0,0.0,6,7,yera7rrx,session 2 : exogene,,,"Session 2 17.11 12h Traitement exogene  816, 341, 103 lent   451 très très lente   Question récurrente : comment le Joueur A sait combien il paie au Joueur B",0
12,9oe86h6k,634,0,212,212,payment_uar,RedirectUAR,2025-11-17 11:17:41.503446,1,,,113.0,1,,5.0,A,A4,2,écart élevé,4,7,4,1,,,,,,1,10,5.0,0.0,0.0,0.0,0.0,5,7,yera7rrx,session 2 : exogene,,,"Session 2 17.11 12h Traitement exogene  816, 341, 103 lent   451 très très lente   Question récurrente : comment le Joueur A sait combien il paie au Joueur B",0
13,yrkawe32,238,0,212,212,payment_uar,RedirectUAR,2025-11-17 11:17:41.553093,1,,,70.0,2,,7.0,B,B1,2,écart moyen,2,7,,,1,,,,,2,,7.0,0.0,0.0,0.0,0.0,8,7,yera7rrx,session 2 : exogene,,,"Session 2 17.11 12h Traitement exogene  816, 341, 103 lent   451 très très lente   Question récurrente : comment le Joueur A sait combien il paie au Joueur B",0
14,jsvse3wp,579,0,212,212,payment_uar,RedirectUAR,2025-11-17 11:17:41.536238,1,,,42.0,2,,2.0,B,B2,2,écart moyen,2,7,,,1,,,,,1,,2.0,0.0,0.0,0.0,0.0,6,7,yera7rrx,session 2 : exogene,,,"Session 2 17.11 12h Traitement exogene  816, 341, 103 lent   451 très très lente   Question récurrente : comment le Joueur A sait combien il paie au Joueur B",0
15,r1w53ksj,777,0,212,212,payment_uar,RedirectUAR,2025-11-17 11:17:41.598974,1,,,60.0,2,,7.0,B,B3,2,écart élevé,4,7,,,1,,,,,2,,7.0,0.0,0.0,0.0,0.0,7,7,yera7rrx,session 2 : exogene,,,"Session 2 17.11 12h Traitement exogene  816, 341, 103 lent   451 très très lente   Question récurrente : comment le Joueur A sait combien il paie au Joueur B",0
16,dxyrl4of,145,0,212,212,payment_uar,RedirectUAR,2025-11-17 11:17:41.680769,1,,,62.0,2,,4.0,B,B4,2,écart élevé,4,7,,,1,,,,,1,,4.0,0.0,0.0,0.0,0.0,5,7,yera7rrx,session 2 : exogene,,,"Session 2 17.11 12h Traitement exogene  816, 341, 103 lent   451 très très lente   Question récurrente : comment le Joueur A sait combien il paie au Joueur B",0
17,328h9my3,157,0,212,212,payment_uar,RedirectUAR,2025-11-17 11:17:41.592826,1,,,81.0,1,,8.0,A,A1,3,écart élevé,4,7,7,1,,,,,,2,16,8.0,0.0,0.0,0.0,0.0,10,7,yera7rrx,session 2 : exogene,,,"Session 2 17.11 12h Traitement exogene  816, 341, 103 lent   451 très très lente   Question récurrente : comment le Joueur A sait combien il paie au Joueur B",0
18,2atr7nin,864,0,212,212,payment_uar,RedirectUAR,2025-11-17 11:17:41.627918,1,,,97.0,1,,7.0,A,A2,3,écart faible,2,3,2,1,,,,,,1,10,7.0,0.0,0.0,0.0,0.0,12,7,yera7rrx,session 2 : exogene,,,"Session 2 17.11 12h Traitement exogene  816, 341, 103 lent   451 très très lente   Question récurrente : comment le Joueur A sait combien il paie au Joueur B",0
19,jo3uhzpl,451,0,212,212,payment_uar,RedirectUAR,2025-11-17 11:17:41.621857,1,,,91.0,1,,8.0,A,A3,3,écart moyen,2,7,7,1,,,,,,2,16,8.0,0.0,0.0,0.0,0.0,9,7,yera7rrx,session 2 : exogene,,,"Session 2 17.11 12h Traitement exogene  816, 341, 103 lent   451 très très lente   Question récurrente : comment le Joueur A sait combien il paie au Joueur B",0
20,i726n1sv,300,0,212,212,payment_uar,RedirectUAR,2025-11-17 11:17:41.688757,1,,,97.0,1,,1.0,A,A4,3,écart faible,2,3,,,,,,,,0,0,1.0,0.0,0.0,0.0,0.0,11,7,yera7rrx,session 2 : exogene,,,"Session 2 17.11 12h Traitement exogene  816, 341, 103 lent   451 très très lente   Question récurrente : comment le Joueur A sait combien il paie au Joueur B",0
21,0brd9rh3,523,0,212,212,payment_uar,RedirectUAR,2025-11-17 11:17:41.710528,1,,,16.0,2,,1.0,B,B1,3,écart faible,2,3,,,0,,,,,0,,1.0,0.0,0.0,0.0,0.0,11,7,yera7rrx,session 2 : exogene,,,"Session 2 17.11 12h Traitement exogene  816, 341, 103 lent   451 très très lente   Question récurrente : comment le Joueur A sait combien il paie au Joueur B",0
22,dvjmiew1,536,0,212,212,payment_uar,RedirectUAR,2025-11-17 11:17:41.862102,1,,,55.0,2,,2.0,B,B2,3,écart faible,2,3,,,1,,,,,1,,2.0,0.0,0.0,0.0,0.0,12,7,yera7rrx,session 2 : exogene,,,"Session 2 17.11 12h Traitement exogene  816, 341, 103 lent   451 très très lente   Question récurrente : comment le Joueur A sait combien il paie au Joueur B",0
23,c4pryuz6,913,0,212,212,payment_uar,RedirectUAR,2025-11-17 11:17:41.844688,1,,,60.0,2,,7.0,B,B3,3,écart élevé,4,7,,,1,,,,,2,,7.0,0.0,0.0,0.0,0.0,10,7,yera7rrx,session 2 : exogene,,,"Session 2 17.11 12h Traitement exogene  816, 341, 103 lent   451 très très lente   Question récurrente : comment le Joueur A sait combien il paie au Joueur B",0
24,bnsmt1j4,961,0,212,212,payment_uar,RedirectUAR,2025-11-17 11:17:41.849289,1,,,69.0,2,,7.0,B,B4,3,écart moyen,2,7,,,1,,,,,2,,7.0,0.0,0.0,0.0,0.0,9,7,yera7rrx,session 2 : exogene,,,"Session 2 17.11 12h Traitement exogene  816, 341, 103 lent   451 très très lente   Question récurrente : comment le Joueur A sait combien il paie au Joueur B",0
25,j2wlcd73,816,0,212,212,payment_uar,RedirectUAR,2025-11-17 11:17:41.878368,1,,,128.0,1,,8.0,A,A1,4,écart élevé,4,7,7,1,,,,,,2,16,8.0,0.0,0.0,0.0,0.0,15,7,yera7rrx,session 2 : exogene,,,"Session 2 17.11 12h Traitement exogene  816, 341, 103 lent   451 très très lente   Question récurrente : comment le Joueur A sait combien il paie au Joueur B",0
26,hc7hb2na,110,0,212,212,payment_uar,RedirectUAR,2025-11-17 11:17:41.950604,1,,,128.0,1,,8.0,A,A2,4,écart moyen,2,7,7,1,,,,,,2,16,8.0,0.0,0.0,0.0,0.0,14,7,yera7rrx,session 2 : exogene,,,"Session 2 17.11 12h Traitement exogene  816, 341, 103 lent   451 très très lente   Question récurrente : comment le Joueur A sait combien il paie au Joueur B",0
27,a0r9hbn8,319,0,212,212,payment_uar,RedirectUAR,2025-11-17 11:17:41.959253,1,,,94.0,1,,8.0,A,A3,4,écart élevé,4,7,7,1,,,,,,2,16,8.0,0.0,0.0,0.0,0.0,16,7,yera7rrx,session 2 : exogene,,,"Session 2 17.11 12h Traitement exogene  816, 341, 103 lent   451 très très lente   Question récurrente : comment le Joueur A sait combien il paie au Joueur B",0
28,hby0pod7,893,0,212,212,payment_uar,RedirectUAR,2025-11-17 11:17:42.010310,1,,,102.0,1,,8.0,A,A4,4,écart moyen,2,7,2,2,,,,,,1,16,8.0,0.0,0.0,0.0,0.0,13,7,yera7rrx,session 2 : exogene,,,"Session 2 17.11 12h Traitement exogene  816, 341, 103 lent   451 très très lente   Question récurrente : comment le Joueur A sait combien il paie au Joueur B",0
29,8rg3lc9e,825,0,212,212,payment_uar,RedirectUAR,2025-11-17 11:17:42.003755,1,,,71.0,2,,7.0,B,B1,4,écart élevé,4,7,,,1,,,,,2,,7.0,0.0,0.0,0.0,0.0,16,7,yera7rrx,session 2 : exogene,,,"Session 2 17.11 12h Traitement exogene  816, 341, 103 lent   451 très très lente   Question récurrente : comment le Joueur A sait combien il paie au Joueur B",0
30,ph5f5g8h,615,0,212,212,payment_uar,RedirectUAR,2025-11-17 11:17:42.262589,1,,,79.0,2,,7.0,B,B2,4,écart moyen,2,7,,,1,,,,,2,,7.0,0.0,0.0,0.0,0.0,14,7,yera7rrx,session 2 : exogene,,,"Session 2 17.11 12h Traitement exogene  816, 341, 103 lent   451 très très lente   Question récurrente : comment le Joueur A sait combien il paie au Joueur B",0
31,e1d23cjz,131,0,212,212,payment_uar,RedirectUAR,2025-11-17 11:17:42.333635,1,,,46.0,2,,7.0,B,B3,4,écart élevé,4,7,,,1,,,,,2,,7.0,0.0,0.0,0.0,0.0,15,7,yera7rrx,session 2 : exogene,,,"Session 2 17.11 12h Traitement exogene  816, 341, 103 lent   451 très très lente   Question récurrente : comment le Joueur A sait combien il paie au Joueur B",0
32,44xj6kyp,473,0,212,212,payment_uar,RedirectUAR,2025-11-17 11:17:42.414832,1,,,66.0,2,,2.0,B,B4,4,écart moyen,2,7,,,1,,,,,1,,2.0,0.0,0.0,0.0,0.0,13,7,yera7rrx,session 2 : exogene,,,"Session 2 17.11 12h Traitement exogene  816, 341, 103 lent   451 très très lente   Question récurrente : comment le Joueur A sait combien il paie au Joueur B",0
1,7gwc5miu,752,0,212,212,payment_uar,RedirectUAR,2025-11-17 11:17:41.280761,1,,,124.0,1,,8.0,A,A1,1,écart élevé,4,7,7,1,,,,,,2,16,8.0,0.0,0.0,0.0,0.0,1,8,yera7rrx,session 2 : exogene,,,"Session 2 17.11 12h Traitement exogene  816, 341, 103 lent   451 très très lente   Question récurrente : comment le Joueur A sait combien il paie au Joueur B",0
2,utgepvr5,672,0,212,212,payment_uar,RedirectUAR,2025-11-17 11:17:41.289526,1,,,117.0,1,,8.0,A,A2,1,écart moyen,2,7,2,2,,,,,,1,16,8.0,0.0,0.0,0.0,0.0,2,8,yera7rrx,session 2 : exogene,,,"Session 2 17.11 12h Traitement exogene  816, 341, 103 lent   451 très très lente   Question récurrente : comment le Joueur A sait combien il paie au Joueur B",0
3,x4h8w8ov,748,0,212,212,payment_uar,RedirectUAR,2025-11-17 11:17:41.294488,1,,,132.0,1,,8.0,A,A3,1,écart moyen,2,7,2,2,,,,,,1,16,8.0,0.0,0.0,0.0,0.0,3,8,yera7rrx,session 2 : exogene,,,"Session 2 17.11 12h Traitement exogene  816, 341, 103 lent   451 très très lente   Question récurrente : comment le Joueur A sait combien il paie au Joueur B",0
4,kzs09zp2,341,0,212,212,payment_uar,RedirectUAR,2025-11-17 11:17:41.298492,1,,,120.0,1,,8.0,A,A4,1,écart moyen,2,7,7,1,,,,,,2,16,8.0,0.0,0.0,0.0,0.0,4,8,yera7rrx,session 2 : exogene,,,"Session 2 17.11 12h Traitement exogene  816, 341, 103 lent   451 très très lente   Question récurrente : comment le Joueur A sait combien il paie au Joueur B",0
5,9xjldfu7,281,0,212,212,payment_uar,RedirectUAR,2025-11-17 11:17:41.302375,1,,,65.0,2,,2.0,B,B1,1,écart moyen,2,7,,,1,,,,,1,,2.0,0.0,0.0,0.0,0.0,3,8,yera7rrx,session 2 : exogene,,,"Session 2 17.11 12h Traitement exogene  816, 341, 103 lent   451 très très lente   Question récurrente : comment le Joueur A sait combien il paie au Joueur B",0
6,7bcqj2vi,609,0,212,212,payment_uar,RedirectUAR,2025-11-17 11:17:41.306678,1,,,66.0,2,,2.0,B,B2,1,écart moyen,2,7,,,1,,,,,1,,2.0,0.0,0.0,0.0,0.0,2,8,yera7rrx,session 2 : exogene,,,"Session 2 17.11 12h Traitement exogene  816, 341, 103 lent   451 très très lente   Question récurrente : comment le Joueur A sait combien il paie au Joueur B",0
7,4iflg2j6,402,0,212,212,payment_uar,RedirectUAR,2025-11-17 11:17:41.320089,1,,,63.0,2,,7.0,B,B3,1,écart élevé,4,7,,,1,,,,,2,,7.0,0.0,0.0,0.0,0.0,1,8,yera7rrx,session 2 : exogene,,,"Session 2 17.11 12h Traitement exogene  816, 341, 103 lent   451 très très lente   Question récurrente : comment le Joueur A sait combien il paie au Joueur B",0
8,v410p70w,904,0,212,212,payment_uar,RedirectUAR,2025-11-17 11:17:41.334746,1,,,67.0,2,,7.0,B,B4,1,écart moyen,2,7,,,1,,,,,2,,7.0,0.0,0.0,0.0,0.0,4,8,yera7rrx,session 2 : exogene,,,"Session 2 17.11 12h Traitement exogene  816, 341, 103 lent   451 très très lente   Question récurrente : comment le Joueur A sait combien il paie au Joueur B",0
9,9pmzhqkc,103,0,212,212,payment_uar,RedirectUAR,2025-11-17 11:17:41.508125,1,,,133.0,1,,12.0,A,A1,2,écart faible,2,3,3,1,,,,,,2,16,12.0,0.0,0.0,0.0,0.0,6,8,yera7rrx,session 2 : exogene,,,"Session 2 17.11 12h Traitement exogene  816, 341, 103 lent   451 très très lente   Question récurrente : comment le Joueur A sait combien il paie au Joueur B",0
10,ec23mjdt,382,0,212,212,payment_uar,RedirectUAR,2025-11-17 11:17:41.479254,1,,,127.0,1,,8.0,A,A2,2,écart moyen,2,7,7,1,,,,,,2,16,8.0,0.0,0.0,0.0,0.0,7,8,yera7rrx,session 2 : exogene,,,"Session 2 17.11 12h Traitement exogene  816, 341, 103 lent   451 très très lente   Question récurrente : comment le Joueur A sait combien il paie au Joueur B",0
11,5f9zi98m,680,0,212,212,payment_uar,RedirectUAR,2025-11-17 11:17:41.513716,1,,,125.0,1,,8.0,A,A3,2,écart élevé,4,7,7,1,,,,,,2,16,8.0,0.0,0.0,0.0,0.0,8,8,yera7rrx,session 2 : exogene,,,"Session 2 17.11 12h Traitement exogene  816, 341, 103 lent   451 très très lente   Question récurrente : comment le Joueur A sait combien il paie au Joueur B",0
12,9oe86h6k,634,0,212,212,payment_uar,RedirectUAR,2025-11-17 11:17:41.503446,1,,,113.0,1,,3.0,A,A4,2,écart élevé,4,7,7,2,,,,,,2,16,3.0,0.0,0.0,0.0,0.0,5,8,yera7rrx,session 2 : exogene,,,"Session 2 17.11 12h Traitement exogene  816, 341, 103 lent   451 très très lente   Question récurrente : comment le Joueur A sait combien il paie au Joueur B",0
13,yrkawe32,238,0,212,212,payment_uar,RedirectUAR,2025-11-17 11:17:41.553093,1,,,70.0,2,,7.0,B,B1,2,écart moyen,2,7,,,1,,,,,2,,7.0,0.0,0.0,0.0,0.0,7,8,yera7rrx,session 2 : exogene,,,"Session 2 17.11 12h Traitement exogene  816, 341, 103 lent   451 très très lente   Question récurrente : comment le Joueur A sait combien il paie au Joueur B",0
14,jsvse3wp,579,0,212,212,payment_uar,RedirectUAR,2025-11-17 11:17:41.536238,1,,,42.0,2,,7.0,B,B2,2,écart élevé,4,7,,,1,,,,,2,,7.0,0.0,0.0,0.0,0.0,8,8,yera7rrx,session 2 : exogene,,,"Session 2 17.11 12h Traitement exogene  816, 341, 103 lent   451 très très lente   Question récurrente : comment le Joueur A sait combien il paie au Joueur B",0
15,r1w53ksj,777,0,212,212,payment_uar,RedirectUAR,2025-11-17 11:17:41.598974,1,,,60.0,2,,7.0,B,B3,2,écart élevé,4,7,,,1,,,,,2,,7.0,0.0,0.0,0.0,0.0,5,8,yera7rrx,session 2 : exogene,,,"Session 2 17.11 12h Traitement exogene  816, 341, 103 lent   451 très très lente   Question récurrente : comment le Joueur A sait combien il paie au Joueur B",0
16,dxyrl4of,145,0,212,212,payment_uar,RedirectUAR,2025-11-17 11:17:41.680769,1,,,62.0,2,,3.0,B,B4,2,écart faible,2,3,,,1,,,,,2,,3.0,0.0,0.0,0.0,0.0,6,8,yera7rrx,session 2 : exogene,,,"Session 2 17.11 12h Traitement exogene  816, 341, 103 lent   451 très très lente   Question récurrente : comment le Joueur A sait combien il paie au Joueur B",0
17,328h9my3,157,0,212,212,payment_uar,RedirectUAR,2025-11-17 11:17:41.592826,1,,,81.0,1,,8.0,A,A1,3,écart faible,2,3,2,2,,,,,,1,16,8.0,0.0,0.0,0.0,0.0,9,8,yera7rrx,session 2 : exogene,,,"Session 2 17.11 12h Traitement exogene  816, 341, 103 lent   451 très très lente   Question récurrente : comment le Joueur A sait combien il paie au Joueur B",0
18,2atr7nin,864,0,212,212,payment_uar,RedirectUAR,2025-11-17 11:17:41.627918,1,,,97.0,1,,8.0,A,A2,3,écart élevé,4,7,7,1,,,,,,2,16,8.0,0.0,0.0,0.0,0.0,12,8,yera7rrx,session 2 : exogene,,,"Session 2 17.11 12h Traitement exogene  816, 341, 103 lent   451 très très lente   Question récurrente : comment le Joueur A sait combien il paie au Joueur B",0
19,jo3uhzpl,451,0,212,212,payment_uar,RedirectUAR,2025-11-17 11:17:41.621857,1,,,91.0,1,,1.0,A,A3,3,écart faible,2,3,,,,,,,,0,0,1.0,0.0,0.0,0.0,0.0,11,8,yera7rrx,session 2 : exogene,,,"Session 2 17.11 12h Traitement exogene  816, 341, 103 lent   451 très très lente   Question récurrente : comment le Joueur A sait combien il paie au Joueur B",0
20,i726n1sv,300,0,212,212,payment_uar,RedirectUAR,2025-11-17 11:17:41.688757,1,,,97.0,1,,3.0,A,A4,3,écart moyen,2,7,7,2,,,,,,2,16,3.0,0.0,0.0,0.0,0.0,10,8,yera7rrx,session 2 : exogene,,,"Session 2 17.11 12h Traitement exogene  816, 341, 103 lent   451 très très lente   Question récurrente : comment le Joueur A sait combien il paie au Joueur B",0
21,0brd9rh3,523,0,212,212,payment_uar,RedirectUAR,2025-11-17 11:17:41.710528,1,,,16.0,2,,1.0,B,B1,3,écart faible,2,3,,,0,,,,,0,,1.0,0.0,0.0,0.0,0.0,11,8,yera7rrx,session 2 : exogene,,,"Session 2 17.11 12h Traitement exogene  816, 341, 103 lent   451 très très lente   Question récurrente : comment le Joueur A sait combien il paie au Joueur B",0
22,dvjmiew1,536,0,212,212,payment_uar,RedirectUAR,2025-11-17 11:17:41.862102,1,,,55.0,2,,2.0,B,B2,3,écart faible,2,3,,,1,,,,,1,,2.0,0.0,0.0,0.0,0.0,9,8,yera7rrx,session 2 : exogene,,,"Session 2 17.11 12h Traitement exogene  816, 341, 103 lent   451 très très lente   Question récurrente : comment le Joueur A sait combien il paie au Joueur B",0
23,c4pryuz6,913,0,212,212,payment_uar,RedirectUAR,2025-11-17 11:17:41.844688,1,,,60.0,2,,7.0,B,B3,3,écart élevé,4,7,,,1,,,,,2,,7.0,0.0,0.0,0.0,0.0,12,8,yera7rrx,session 2 : exogene,,,"Session 2 17.11 12h Traitement exogene  816, 341, 103 lent   451 très très lente   Question récurrente : comment le Joueur A sait combien il paie au Joueur B",0
24,bnsmt1j4,961,0,212,212,payment_uar,RedirectUAR,2025-11-17 11:17:41.849289,1,,,69.0,2,,7.0,B,B4,3,écart moyen,2,7,,,1,,,,,2,,7.0,0.0,0.0,0.0,0.0,10,8,yera7rrx,session 2 : exogene,,,"Session 2 17.11 12h Traitement exogene  816, 341, 103 lent   451 très très lente   Question récurrente : comment le Joueur A sait combien il paie au Joueur B",0
25,j2wlcd73,816,0,212,212,payment_uar,RedirectUAR,2025-11-17 11:17:41.878368,1,,,128.0,1,,8.0,A,A1,4,écart moyen,2,7,7,1,,,,,,2,16,8.0,0.0,0.0,0.0,0.0,16,8,yera7rrx,session 2 : exogene,,,"Session 2 17.11 12h Traitement exogene  816, 341, 103 lent   451 très très lente   Question récurrente : comment le Joueur A sait combien il paie au Joueur B",0
26,hc7hb2na,110,0,212,212,payment_uar,RedirectUAR,2025-11-17 11:17:41.950604,1,,,128.0,1,,8.0,A,A2,4,écart faible,2,3,2,2,,,,,,1,16,8.0,0.0,0.0,0.0,0.0,14,8,yera7rrx,session 2 : exogene,,,"Session 2 17.11 12h Traitement exogene  816, 341, 103 lent   451 très très lente   Question récurrente : comment le Joueur A sait combien il paie au Joueur B",0
27,a0r9hbn8,319,0,212,212,payment_uar,RedirectUAR,2025-11-17 11:17:41.959253,1,,,94.0,1,,8.0,A,A3,4,écart faible,2,3,2,2,,,,,,1,16,8.0,0.0,0.0,0.0,0.0,15,8,yera7rrx,session 2 : exogene,,,"Session 2 17.11 12h Traitement exogene  816, 341, 103 lent   451 très très lente   Question récurrente : comment le Joueur A sait combien il paie au Joueur B",0
28,hby0pod7,893,0,212,212,payment_uar,RedirectUAR,2025-11-17 11:17:42.010310,1,,,102.0,1,,1.0,A,A4,4,écart faible,2,3,,,,,,,,0,0,1.0,0.0,0.0,0.0,0.0,13,8,yera7rrx,session 2 : exogene,,,"Session 2 17.11 12h Traitement exogene  816, 341, 103 lent   451 très très lente   Question récurrente : comment le Joueur A sait combien il paie au Joueur B",0
29,8rg3lc9e,825,0,212,212,payment_uar,RedirectUAR,2025-11-17 11:17:42.003755,1,,,71.0,2,,2.0,B,B1,4,écart faible,2,3,,,1,,,,,1,,2.0,0.0,0.0,0.0,0.0,14,8,yera7rrx,session 2 : exogene,,,"Session 2 17.11 12h Traitement exogene  816, 341, 103 lent   451 très très lente   Question récurrente : comment le Joueur A sait combien il paie au Joueur B",0
30,ph5f5g8h,615,0,212,212,payment_uar,RedirectUAR,2025-11-17 11:17:42.262589,1,,,79.0,2,,2.0,B,B2,4,écart faible,2,3,,,1,,,,,1,,2.0,0.0,0.0,0.0,0.0,15,8,yera7rrx,session 2 : exogene,,,"Session 2 17.11 12h Traitement exogene  816, 341, 103 lent   451 très très lente   Question récurrente : comment le Joueur A sait combien il paie au Joueur B",0
31,e1d23cjz,131,0,212,212,payment_uar,RedirectUAR,2025-11-17 11:17:42.333635,1,,,46.0,2,,1.0,B,B3,4,écart faible,2,3,,,0,,,,,0,,1.0,0.0,0.0,0.0,0.0,13,8,yera7rrx,session 2 : exogene,,,"Session 2 17.11 12h Traitement exogene  816, 341, 103 lent   451 très très lente   Question récurrente : comment le Joueur A sait combien il paie au Joueur B",0
